3044 5090
476 1406 830 1497 CONCLUSIO

196 1869 232 1944 Si
263 1892 356 1944 nune
391 1867 636 1968 aggrediamur
664 1867 813 1944 breviler
843 1867 1050 1944 contrahere
1082 1893 1162 1968 qum

144 2005 191 2082 de
221 2005 278 2078 illo
303 2011 428 2102 qnarle
461 2001 633 2077 tibulliani
664 2002 752 2078 libre
782 2003 1051 2101 disputavimus,
1087 2001 1161 2080 hme

144 2139 246 2214 nobis
266 2137 478 2214 enuntianda
497 2135 691 2213 rideantur.

197 2275 328 2348 Praelar
342 2272 499 2348 earmina
511 2271 590 2347 inda
607 2295 629 2345 a
647 2270 793 2368 septimo
808 2270 974 2369 usquead
989 2270 1160 2349 duodeni-

145 2432 259 2499 mum,
284 2431 363 2506 quae
385 2406 545 2505 Sulpiciae
562 2406 700 2482 auidam
727 2405 911 2482 tribuenda
935 2415 1028 2497 sunl,
1045 2415 1161 2483 serlus
1187 2499 1189 2503 Ι

143 2543 203 2618 ille
217 2542 304 2618 liber
318 2541 439 2616 haberi
459 2550 583 2640 petest.
611 2541 678 2632 Qui
697 2549 829 2632 tamen,
850 2550 886 2617 ut
901 2563 1020 2617 rerum
1035 2542 1159 2640 lequa-

144 2700 253 2766 mur,
278 2676 366 2752 liber
394 2675 461 2750 diei
481 2697 552 2751 nen
570 2674 712 2765 debean
731 2675 908 2751 nonenim
928 2675 1033 2751 telius
1045 2677 1160 2773 operis

144 2811 300 2886 absoluta
328 2818 362 2885 el
388 2810 550 2910 colligata
582 2832 661 2907 pars
688 2819 750 2900 est,
782 2810 841 2885 sed
867 2811 980 2907 polius
1011 2839 1028 2878 «
1055 2809 1158 2886 libelli

144 2943 296 3044 farrago,
313 2973 330 3014 n
360 2967 442 3018 nam
458 2943 661 3044 fragmentis
678 2952 810 3019 eenslat
832 2943 922 3020 inter
945 2966 981 3019 se
1007 2943 1157 3018 dissimi-

143 3080 248 3170 libus,
272 3102 340 3155 nen
363 3079 494 3178 junelis
518 3078 577 3155 sed
593 3079 732 3155 abactis.
763 3079 798 3155 Si
825 3079 884 3154 illa
916 3080 1097 3177 disponere
1123 3069 1186 3155 et'

143 3212 299 3311 prolerre
316 3222 426 3313 poetae
439 3213 601 3306 licuisset,
616 3222 709 3290 certe
729 3215 830 3314 longe
847 3215 914 3289 alia
929 3214 1060 3290 ratione
1076 3237 1157 3288 usus

142 3348 187 3422 sil
205 3369 269 3422 nee
285 3347 413 3423 librum
431 3347 544 3446 qualis
564 3356 615 3424 est
637 3370 729 3423 nune
751 3349 786 3422 in
806 3371 930 3422 manus
949 3348 1153 3423 habeamus

191 3484 401 3582 Fragmenta
428 3504 509 3558 vero
525 3482 580 3556 illa
605 3505 683 3557 eum
714 3483 850 3584 singnla
876 3491 911 3557 et
938 3483 974 3556 in
993 3505 1030 3557 se
1045 3481 1157 3557 censi-

136 3616 323 3709 ·deranlur,
344 3616 454 3691 tribus
468 3616 631 3692 absolnlis
656 3625 690 3692 el
717 3617 795 3691 unis
820 3617 980 3715 operibus
1007 3615 1157 3692 eonilala

142 3758 326 3848 apparent,
342 3749 469 3826 scilieet
487 3750 641 3826 Messalae
669 3751 916 3850 panegyricus,
942 3750 1106 3847 Sulpiciae
1121 3759 1156 3826 et

141 3883 298 3960 Cerintbi
325 3883 479 3977 historie,
507 3884 661 3960 earmina
690 3885 734 3960 de
766 3886 923 3984 Glycera.
954 3885 1029 3960 Non
1062 3884 1153 3983 requi

134 4017 310 4094 -rnomenli
325 4028 419 4111 sunt,
437 4017 498 4095 sed
511 4041 575 4094 sua
590 4018 716 4117 euique
728 4018 929 4121 jucunditas
948 4027 983 4096 el
1003 4019 1153 4117 prelium

143 4153 242 4230 inest.
