3044 5090
578 581 755 654 ..59-

154 754 389 831 Pharsalicam
414 762 448 831 et
476 755 651 830 Actiacam
682 767 937 852 pugnascom
960 754 1034 852 jam
1067 753 1172 829 nullae

157 891 252 989 leges
279 896 391 965 essent
413 896 449 964 et
478 888 527 963 vis
554 889 673 964 omnia
698 896 846 986 regeret,
877 888 1022 987 quisque
1055 897 1171 986 spreta

157 1023 352 1100 officiorum
373 1023 506 1122 regula,
536 1023 571 1097 in
591 1022 683 1099 diem
707 1022 876 1098 virebat
907 1025 1094 1122 Nunquam
1114 1024 1167 1099 vel

156 1159 311 1257 pessimis
339 1135 587 1256 imperatorum
618 1157 845 1256 temporibus,
873 1156 1014 1233 feminae
1038 1158 1170 1257 majore

157 1292 303 1368 audacia
330 1292 365 1366 in
388 1291 567 1389 cupidines
592 1300 757 1382 ruerunt}
776 1292 890 1384 lulla,
915 1291 1058 1390 Augusti
1082 1291 1170 1382 lilia,

158 1435 353 1503 monstrum
372 1449 454 1536 ¹non
487 1425 562 1516 luit,
589 1427 623 1503 id
654 1435 704 1504 est
738 1426 881 1502 unicum
913 1427 1008 1525 pravi
1039 1425 1169 1522 ingenii

158 1561 425 1656 documentum3
448 1562 567 1637 multra
589 1561 681 1638 enirn
708 1561 922 1636 illustrissimi
944 1559 1081 1659 generis
1102 1582 1172 1633 ma·

158 1706 281 1788 tranat,
315 1696 498 1794 Pompeia,
527 1697 566 1771 C.
595 1698 626 1771 l.
655 1696 798 1771 Caesaris
828 1695 977 1795 conjux,
1007 1693 1168 1785 Servilia,

157 1833 203 1905 M.
220 1831 315 1906 Bruti
334 1838 458 1917 uenter,
475 1853 596 1907 omnes
624 1830 689 1905 illae
707 1829 884 1928 puellule,
907 1853 994 1928 quas
1016 1829 1172 1903 Catullus

158 1973 340 2056 memorat,
355 1967 522 2041 aCaesare
534 1973 569 2041 et
583 1967 758 2040 Mamurra
772 1975 909 2056 amata,
926 1965 1000 2063 pari
1014 1963 1171 2061 exemplo

156 2100 334 2199 flagitiosis
347 2099 546 2175 libidinibus
565 2099 742 2175 luerunt².

206 2236 255 2310 Ne
276 2234 443 2310 miremur
457 2235 561 2334 igitur
576 2234 666 2332 quod
683 2232 849 2331 Sulpicia,
867 2255 908 2308 eo
923 2231 1062 2331 ingenio
1079 2229 1171 2330 quod

156 2368 306 2443 diximus
326 2368 481 2465 praedita,
504 2376 601 2444 tanto
618 2368 741 2444 ardore
758 2376 793 2443 et
813 2368 944 2465 impetu
961 2366 995 2440 in
1017 2386 1170 2440 amorem

156 2503 312 2578 Cerintbi
337 2503 488 2579 irruerit.
507 2503 542 2577 Si
565 2503 642 2578 talis
661 2503 784 2601 puellae
801 2501 956 2578 amentia
973 2499 1170 2578 excusatio-

192 2806 217 2862 l.
239 2805 386 2880 Aptissima
400 2804 449 2864 illa
463 2813 589 2880 tempora
598 2805 628 2863 G.
639 2806 760 2863 Boissiar
772 2815 910 2882 comparat
923 2823 987 2864 eum
998 2807 1170 2881 temporibus

154 2894 304 2952 recentiori
317 2895 417 2954 saeculo
433 2895 515 2952 dictis
532 2914 544 2951 a
561 2898 586 2954 le
599 2897 795 2954 directam.)
810 2899 865 2968 (La
880 2898 1009 2969 ratipioa
1029 2898 1171 2966 romolae,

155 2993 176 3041 t.
191 2985 226 3054 ll,
239 3001 266 3059 p.
279 2985 356 3057 250.)
371 2985 476 3042 Mortuo
492 2986 625 3060 Augusto,
641 2986 752 3043 licentia
766 2987 907 3061 paulisper
929 2988 964 3044 ab
985 3003 1018 3043 eo
1034 2987 1174 3044 refrenata

155 3091 217 3130 curn
230 3075 332 3147 majore
348 3073 462 3131 libidine
476 3075 560 3131 ettusa
576 3085 635 3144 est3
658 3076 784 3133 similiter
800 3077 884 3134 etiarn
899 3076 972 3150 apud
987 3093 1047 3147 nos,
1062 3085 1173 3133 mortuo

154 3163 289 3220 Ludovico
305 3163 531 3237 quartodecimo,
547 3165 611 3221 mali
627 3181 718 3222 mores
736 3183 768 3223 ao
781 3166 903 3241 prolapsi
918 3173 982 3222 sunt
996 3174 1028 3222 ut
1042 3165 1175 3233 temporis

155 3251 230 3308 illius
243 3268 354 3322 nomen,
373 3270 385 3307 a
402 3254 431 3310 lo
449 3254 584 3326 lldpcnce,
608 3272 620 3309 ›
638 3254 860 3328 idemsigniticet
875 3272 907 3312 ac
925 3257 1046 3330 pessima
1065 3272 1172 3312 morum

154 3341 278 3397 licentia.
298 3341 330 3398 ln
345 3341 478 3399 comoedia
502 3342 577 3400 illius
596 3343 738 3418 temporis,
762 3363 775 3400 a
791 3347 815 3402 le
828 3344 983 3417 Pre'jttpe'd
1005 3346 1035 3402 lu
1051 3346 1171 3416 moda)

154 3438 266 3487 auctore
281 3430 318 3486 La
330 3430 483 3501 Chaussde,
497 3433 572 3489 velut
586 3433 796 3507 explicationem
809 3433 933 3489 videmus
945 3449 1073 3489 versuum
1088 3449 1172 3507 supra

155 3519 302 3576 allatorum
317 3520 351 3577 de
364 3521 540 3577 creberrimis
554 3521 643 3579 Ovidii
657 3531 781 3597 tempore
797 3522 952 3579 adulteriis.

191 3607 218 3664 b.
239 3608 328 3666 Unum
342 3608 454 3666 illorum
468 3627 576 3668 morum
587 3612 741 3686 exemplum
755 3612 880 3687 prolerre
892 3612 959 3669 satis
974 3610 1026 3668 erit
1035 3629 1042 3668 ε
1052 3628 1065 3667 (
1115 3609 1175 3668 l'la-

154 3696 1172 3775 gitiosumilludconririum,quodGemellus,tribuniciusviator,ingenui

155 3787 307 3862 sanguinis,
323 3788 373 3845 sad
401 3790 480 3846 officii
507 3791 579 3848 intra
606 3788 734 3847 servilem
754 3791 880 3847 habitum
904 3791 1047 3860 deformis,
1062 3789 1170 3848 Metello

155 3876 274 3951 Scipioni
299 3879 414 3950 consuli,
435 3897 466 3937 ae
491 3880 610 3938 tribunis
630 3880 720 3955 plebis
738 3897 838 3955 magno
858 3897 920 3938 eum
934 3880 1035 3938 robora
1055 3878 1173 3938 civitatis

155 3968 334 4040 comparavit.
366 3969 502 4045 lupanari
526 3971 598 4028 eninr
624 3971 697 4028 domi
725 3987 784 4028 suae
814 3972 972 4042 constituto,
998 3971 1116 4028 Muciam
1146 3980 1174 4026 et

155 4055 289 4127 Fulviam,
305 4065 363 4115 tum
378 4068 494 4135 epatre,
510 4069 568 4118 turn
591 4079 607 4119 a
626 4061 685 4119 viro
698 4069 843 4136 utramque
869 4061 996 4137 inclytam
1011 4070 1038 4118 et
1051 4060 1171 4118 nobilem

154 4161 273 4220 puerum
287 4149 465 4208 Saturninum
478 4150 506 4209 in
522 4168 553 4210 eo
566 4152 716 4226 prostituit.
728 4170 741 4207 ›
752 4149 856 4223 (Valet.
868 4151 949 4223 Mara,
962 4151 1009 4221 lx,
1022 4152 1048 4221 l,
1060 4152 1101 4223 8.)
