3044 5090
801 579 981 650 ...64-

461 767 686 852 Possidaotque‚
700 767 787 831 metit
799 766 944 852 quidquid
957 768 1034 834 bene
1050 771 1202 836 olentibus
1216 775 1294 838 aruis
1332 823 1339 834 .

500 867 602 934 Cultor
614 869 745 931 odoratae
761 867 843 932 dives
858 867 953 931 Arabs
969 870 1076 950 segetis

460 969 497 1033 Et
512 986 717 1052 quoscumque
731 967 818 1045 niger
831 967 923 1030 rubro
938 968 975 1031 de
989 967 1088 1032 littore
1103 989 1236 1050 gemmas

502 1068 660 1131 Proximus
672 1065 742 1130 Eois
755 1065 868 1146 colligit
883 1065 976 1130 Indus
991 1068 1109 1150 aquis&

434 1303 470 1377 ln
487 1301 645 1402 sequenti
660 1300 771 1401 elegia
784 1299 977 1400 periculum
993 1302 1183 1401 quoddam,
1199 1327 1320 1382 uemm
1334 1320 1391 1383 aut

382 1437 516 1530 lictum,
544 1460 567 1513 e
589 1436 754 1513 Cerintho
780 1437 814 1511 in
839 1437 1021 1514 venatione
1049 1439 1197 1532 aditum,
1221 1451 1324 1540 poeta
1343 1444 1392 1517 in-

381 1573 487 1668 ducit,
514 1575 613 1672 cujus
638 1594 744 1670 opere
770 1594 876 1670 quam
899 1571 1024 1648 ardens
1045 1573 1088 1650 sit
1114 1573 1278 1674 Sulpicia
1297 1599 1392 1652 amor

379 1707 529 1785 ostendit
545 1732 554 1782 :

498 1953 521 2023 0
540 1964 664 2041 pereant
675 1956 756 2020 silvae
771 1956 971 2040 deficiantque
986 1959 1090 2021 canes!

461 2055 535 2132 Quis
549 2055 632 2120 luror
646 2064 702 2134 est,
718 2074 785 2137 quat
797 2074 894 2134 meus,
911 2055 1020 2119 densos
1036 2055 1175 2136 indagine
1191 2057 1283 2121 colles

497 2154 691 2218 claudentem
707 2161 824 2217 teneras
838 2154 946 2216 laedere
960 2154 1036 2217 velle
1052 2156 1181 2218 manus?

457 2352 517 2418 Sed
531 2360 630 2414 tamen
645 2359 678 2414 ut
696 2359 794 2413 tecum
809 2350 909 2430 liceat,
922 2350 1075 2432 Cerintbe‚
1093 2352 1204 2432 vagari,

495 2449 563 2531 lpse
576 2468 629 2529 ego
643 2467 697 2531 per
709 2455 825 2511 montes
838 2448 913 2511 retia
928 2455 1007 2511 torta
1022 2450 1126 2528 leram,

456 2547 525 2630 lpse
540 2566 595 2627 ego
611 2547 719 2610 velocis
735 2565 866 2629 quaeram
881 2545 1005 2627 vestigia
1020 2548 1099 2610 cervi

494 2645 531 2709 m
544 2646 664 2709 demam
680 2645 769 2708 celeri
785 2645 882 2708 ferrea
894 2645 991 2708 vincla
1006 2646 1082 2709 cani.

456 2745 540 2809 Tunc
556 2744 642 2824 mibi,
656 2752 728 2806 tunc
744 2745 879 2825 placeant
891 2744 982 2822 silvae,
993 2744 1029 2823 si,
1040 2744 1090 2807 lux
1101 2763 1177 2828 mea,
1190 2754 1287 2811 tecum

494 2845 612 2924 Argum·
625 2851 694 2904 ante
709 2843 789 2924 ipsas
801 2840 999 2905 concubuisse
1013 2843 1113 2924 plagas
1128 2864 1136 2907 τ

455 2942 539 3006 'l'unc
552 2941 649 3004 veniat
662 2941 732 3003 licet
747 2941 785 3003 ad
800 2959 911 3018 cassem
926 2939 1035 3003 illaesus
1049 2941 1152 3022 abibit,

493 3040 536 3103 Ne
550 3039 675 3104 Veneris
691 3039 806 3120 cupidae
820 3038 928 3120 gaudia
942 3038 1053 3120 turbet,
1069 3041 1171 3124 aper&

422 3276 596 3351 Praeterea
610 3273 652 3350 de
667 3274 791 3349 morbo
816 3281 917 3374 poete
941 3274 1183 3375 loquiturque
1198 3276 1295 3376 jam³
1308 3277 1382 3352 Sul-

373 3410 500 3509 piciam
523 3409 736 3486 laborantem
759 3407 904 3483 vidimus
929 3417 964 3483 et
982 3409 1056 3485 vice
1074 3433 1136 3484 sua
1161 3412 1274 3510 tangit
1291 3434 1382 3486 ama-

373 3545 496 3620 toriam
517 3545 610 3619 illam
633 3542 797 3618 invidiam
812 3566 917 3643 quam
936 3545 1049 3641 puella
1074 3551 1172 3621 tanto
1194 3544 1329 3623 fervore
1350 3555 1382 3621 et

372 3679 405 3754 vi
422 3678 650 3778 exprimebat.
674 3678 826 3777 Sulpicia
852 3677 962 3752 missis
983 3677 1189 3778 ambagibus
1205 3679 1240 3755 in
1260 3681 1377 3757 Cerin-

409 3969 436 4028 l.
456 3967 501 4039 lv,
514 3967 542 4040 θ,
557 3972 575 4028 5
590 3987 664 4044 sqq.‚
678 3971 712 4028 15
724 3990 783 4046 sqq.

407 4061 434 4115 b.
454 4059 498 4128 lV,
514 4059 569 4129 3,5
582 4076 655 4134 sqq.‚
672 4061 702 4115 ll
720 4078 781 4133 sqq.

405 4148 432 4205 3.
453 4148 513 4206 Vid.
530 4165 624 4224 supra,
637 4165 664 4223 p.
681 4149 725 4204 61.
