3044 5090
786 581 962 652 ,56-

366 755 608 833 1111111.1111110
635 763 669 832 et
692 757 805 830 Pansa
828 755 1041 849 consulibus,
1069 759 1205 834 Marcus
1234 759 1381 856 quidam

365 895 538 970 Cornutus
563 897 691 990 praelor
718 890 869 966 urbanus
897 889 964 966 luit
990 891 1135 992 ejusque
1163 893 1381 970 mentionem

364 1027 540 1104 Cicereio
562 1025 712 1124 epistolis
737 1025 855 1101 laeit¹.
877 1025 982 1102 Marci
1002 1026 1093 1102 illius
1116 1026 1211 1102 filius
1233 1027 1380 1102 forsitan
1503 1057 1504 1142 p

367 1161 529 1261 Sulpiciae
547 1169 681 1237 amator
701 1158 767 1237 luit
781 1168 816 1236 et
836 1160 923 1238 adeo
937 1161 1043 1236 nobili
1056 1162 1132 1238 loeo
1145 1171 1242 1238 ortus
1256 1171 1334 1240 erat
1350 1172 1386 1238 ut
1503 1149 1504 1218 1

368 1299 402 1373 in
426 1297 571 1374 deinum
598 1296 749 1372 Messalae
774 1295 1025 1376 admitteretur.
1056 1297 1126 1373 Sed
1150 1306 1268 1373 tamen
1301 1297 1387 1373 nihil

371 1433 498 1508 mirum
517 1432 610 1532 quod
639 1430 803 1506 humilior
825 1431 869 1506 ad
889 1431 1092 1531 conjugium
1113 1432 1205 1507 visus
1224 1432 1268 1507 sit
1291 1433 1388 1510 Mes-

370 1569 465 1660 salae,
481 1568 523 1643 ah
536 1567 692 1668 Augusto
706 1567 741 1641 in
761 1589 939 1642 summum
958 1567 1135 1667 fastigium
1149 1577 1282 1659 erecte,
1305 1591 1389 1646 nee-

371 1727 440 1780 non
471 1702 633 1802 Sulpiciae
661 1701 755 1801 genti
783 1726 862 1801 quae
891 1702 978 1779 adeo
1008 1703 1103 1778 clara
1133 1711 1207 1778 erat
1238 1712 1278 1778 ut
1307 1726 1391 1780 mox

372 1840 561 1936 imperator
583 1861 625 1913 ex
650 1860 691 1914 ea
711 1848 807 1914 ortus
820 1838 874 1913 sit.
896 1838 979 1914 lnde
1004 1837 1110 1938 igitur
1132 1837 1279 1918 verbum
1309 1838 1390 1914 illud

381 2003 397 2040 u
424 1973 541 2072 ignoto
556 1973 692 2048 t0r02»
716 1973 809 2072 quod
828 1972 997 2070 Sulpicia,
1016 1982 1111 2050 motu
1124 1973 1276 2074 quodam
1295 1971 1390 2050 invi-

376 2108 455 2202 diae,
473 2108 620 2185 amatori
648 2108 779 2207 objicit.

425 2247 461 2322 Si
486 2269 579 2340 nlune
603 2245 733 2319 litteras
754 2244 990 2342 inspiciamus,
1012 2243 1302 2343 quasaSulpicia
1318 2245 1388 2344 ipsa

378 2381 521 2480 scriptas
546 2379 718 2471 ducimus
745 2379 779 2452 in
807 2379 861 2452 his
886 2379 929 2455 de
952 2401 1178 2456 romanorum
1202 2380 1389 2456 mulierum

379 2515 534 2590 moribus
560 2522 593 2590 et
620 2514 757 2613 ingenio
791 2514 912 2613 primis
942 2515 1154 2613 principatus
1178 2516 1390 2614 temporibus
1502 2603 1503 2610 Ν

1502 2625 1503 2658 1

381 2649 507 2726 iudicia
526 2649 643 2750 magni
661 2649 827 2725 momenti
846 2649 1054 2726 invenimus.

430 2785 584 2884 Sulpicia
599 2785 724 2860 mulier
745 2793 796 2859 est
814 2784 983 2883 impotens
1000 2793 1035 2861 et
1053 2783 1197 2877 lervida,
1217 2787 1320 2887 cujus
1338 2788 1391 2863 in-

383 2922 497 2998 dolem
513 2922 626 2997 cultus
652 2921 849 3019 proniorem
870 2920 905 2993 in
926 2919 1104 3018 cupidines
1124 2928 1159 2996 et
1177 2920 1267 2996 lreni
1284 2924 1391 3022 magis

384 3057 620 3155 impatientem
652 3054 784 3143 elleoit,
820 3054 948 3131 nedum
981 3055 1198 3153 reprimeret.
1232 3057 1389 3151 Etenim,

385 3191 476 3292 apud
504 3213 688 3291 procerum
712 3198 773 3264 aut
797 3189 1048 3288 elegantiorum
1076 3192 1206 3288 puellas
1227 3193 1339 3268 nullus
1360 3192 1391 3268 id

388 3335 522 3404 lantum
541 3324 891 3425 spectarevidebatur
916 3334 955 3399 ut
970 3325 1224 3422 jucunditatem
1241 3336 1277 3402 et
1294 3328 1393 3425 lepo-

387 3489 463 3543 rem
480 3463 679 3563 erplicoret‚
705 3483 772 3536 non
791 3469 829 3536 ut
846 3459 1050 3536 informaret
1071 3458 1115 3536 ad
1138 3460 1247 3537 honos
1266 3484 1390 3539 mores.

387 3603 497 3702 Magis
516 3608 620 3698 utque
646 3597 755 3696 magis
779 3596 896 3672 relicto
921 3603 996 3671 erat
1014 3604 1111 3672 vetus
1135 3596 1193 3671 illa
1218 3587 1395 3695 disciplina

387 3761 456 3837 qua
477 3744 643 3814 matronae
664 3733 839 3835 quondam
859 3730 1097 3808 formabantur
1117 3730 1239 3831 rigidae
1253 3740 1287 3808 et
1300 3731 1396 3830 pudi-

427 3998 451 4053 l.
472 3997 519 4054 Act
532 3997 637 4069 sumit,
654 3997 686 4066 X,
700 3996 780 4052 1116
794 4014 800 4052 :
815 3995 843 4052 in
864 4001 960 4053 senatu
983 3992 1087 4052 litteras
1111 3993 1205 4070 lepidi
1227 3994 1335 4052 recitat.
1356 3993 1394 4051 Gl.

388 4087 528 4159 ruittpp„
542 4086 607 4152 xlv,
627 4087 669 4143 11.
754 4121 757 4126 >

425 4177 451 4232 ⁶2.
473 4176 517 4245 IV,
536 4176 578 4247 10,
594 4176 621 4234 6.
