3044 5090
565 621 743 692 „45-

147 800 341 868 nontamen
357 793 392 867 in
404 791 581 890 publioum
595 794 734 892 propria
748 796 791 872 de
805 795 854 873 eis
867 798 1023 874 oarmina
1038 799 1159 894 edidit,

149 949 232 1001 nam
248 925 375 1000 fabulae
394 949 552 1024 persona,
578 936 616 1002 ut
638 927 729 1004 infra
747 931 1029 1024 monstrabimus,
1047 934 1161 1032 puella

147 1060 310 1158 quaedam
344 1070 419 1138 erat
461 1061 585 1137 illustri
623 1086 750 1164 genere
782 1074 876 1142 nata.
918 1069 999 1142 Post
1035 1067 1162 1143 Tibulli

147 1204 310 1286 mortem,
324 1219 433 1290 quum
447 1195 521 1294 jam
539 1197 612 1272 sino
624 1197 831 1276 detrimento
846 1201 935 1275 illius
949 1200 993 1276 de
1011 1201 1161 1299 Sulpicio
1275 1283 1277 1287 Α

146 1329 233 1428 elegi
254 1330 384 1432 vulgari
403 1339 555 1427 possent,
580 1332 624 1405 ab
647 1332 777 1409 editore
801 1335 916 1433 quarti
936 1334 1013 1409 libri
1035 1337 1160 1434 prolati

146 1471 250 1551 sunt3
275 1463 356 1562 quin
376 1463 483 1540 immo
502 1465 625 1562 puellae
642 1465 746 1564 ipsius
764 1468 930 1566 epistolae,
946 1469 1040 1544 velut
1053 1469 1160 1544 doou·

145 1605 275 1684 menta,
291 1606 371 1672 sunt
382 1597 590 1698 adjunotae.¹.

193 1732 526 1807 Planetibnllionam
539 1743 662 1822 artem,
678 1757 747 1808 non
754 1734 843 1833 jam,
859 1735 938 1810 utin
952 1736 1160 1836 panegyrico

143 1866 309 1955 Messalae,
320 1865 457 1957 rudem,
469 1865 528 1942 sed
542 1867 709 1964 optimam
721 1875 756 1942 et
767 1875 936 1956 exactam,
951 1868 1045 1966 prior
1054 1869 1160 1945 series

142 1999 338 2075 denuntiat.
359 2000 527 2074 Arsenim
542 2001 613 2091 illa,
632 2008 669 2074 ut
687 2001 840 2091 solitum,
863 2026 925 2076 usu
940 2005 1159 2078 etexeroita-
1182 1993 1185 1996 ’

143 2133 237 2209 tione
268 2143 434 2210 creverat.
471 2135 564 2233 Elegi
597 2135 641 2210 de
674 2135 1007 2246 Sulpioiaternpore
1036 2135 1158 2213 eodem

141 2269 260 2366 seripti
276 2292 348 2344 esse
365 2269 524 2344 videntur
546 2293 615 2367 quo
636 2269 791 2344 earmina
809 2269 853 2344 de
874 2270 984 2360 Delia,
1009 2270 1062 2344 vel
1087 2293 1156 2345 non

144 2403 252 2480 multo
285 2403 410 2502 post²;
442 2428 538 2495 nam,
573 2411 698 2500 praeter
735 2403 904 2479 rationem
943 2412 1154 2501 temporum,

140 2561 227 2612 eura
238 2537 370 2629 similis,
386 2561 487 2636 pares
500 2539 643 2613 virtutes
653 2538 687 2611 in
703 2538 854 2636 utrisque
867 2545 1070 2613 cernuntur.
1082 2540 1155 2636 Ego

139 2670 281 2768 quidem
299 2673 374 2747 illos
388 2673 491 2770 paulo
504 2671 675 2747 inferioris
691 2672 812 2762 aetatis,
824 2679 964 2770 propter
980 2673 1155 2770 majorem

140 2805 329 2901 quamdam
355 2805 609 2896 excellentiam,
629 2827 702 2880 esse
723 2811 819 2902 putu.
845 2804 917 2878 Etsi
939 2828 981 2880 ex
1007 2805 1154 2879 alienato

139 2938 249 3012 Deliae
285 2962 404 3014 amore
438 2937 630 3013 maximum
660 2939 814 3014 dolorem
843 2948 947 3037 poeta
988 2929 1177 3037 peroepit,'

176 3204 202 3260 1.
224 3203 332 3260 Amoris
343 3203 418 3261 illius
434 3204 513 3262 testis
526 3211 554 3261 et
570 3204 631 3261 sine
646 3203 730 3261 dubio
744 3203 869 3261 conscius
882 3211 963 3278 poeta
976 3203 1079 3273 iuerat;
1094 3203 1153 3261 lur-

138 3293 195 3350 tiro
210 3293 282 3350 enirn
296 3293 324 3350 in
337 3293 455 3368 propriis
470 3293 638 3352 carminibus
651 3293 829 3367 epistolarum
848 3293 968 3351 sermoni
982 3293 1079 3350 alludit
1094 3293 1151 3365 (lv,

138 3384 287 3456 aaron:

315 3505 364 3555 ileo
378 3505 455 3568 possit
468 3505 567 3568 cupidos
578 3505 684 3570 vigilans
700 3504 851 3568 deprendere
862 3507 945 3554 custos

353 3577 512 3640 Fallendique
524 3577 575 3627 vias
588 3576 655 3626 millo
669 3576 792 3626 ministret
802 3589 881 3628 amor.
999 3626 1002 3633 ,

173 3704 199 3761 2.
221 3705 260 3763 cf.
273 3705 316 3762 W.
326 3706 439 3775 Teuffel,
457 3707 576 3764 Studien
591 3707 652 3763 und
667 3705 818 3772 Clarulcl„
831 3721 859 3778 p.
878 3705 926 3762 361
944 3722 951 3760 :
972 3701 1150 3760 (Verisimile

136 3803 180 3852 est
191 3796 359 3870 conscriptas
374 3813 435 3852 esse
456 3795 517 3852 illas
541 3795 644 3869 elegias
663 3803 787 3868 ternpore
802 3809 855 3867 quo
873 3810 981 3850 amores
995 3809 1057 3848 curn
1072 3791 1151 3849 Delia

134 3884 283 3958 interrupti
297 3893 360 3941 sunt
374 3903 425 3941 neo
435 3885 525 3941 adhuc
540 3883 643 3958 incepti
652 3892 730 3939 erant
739 3899 849 3938 amores
861 3899 922 3939 ourn
934 3881 1042 3940 Nemesi
1055 3881 1150 3956 elGly·

136 3990 209 4030 cera.
227 3974 324 4048 Magna
343 3974 416 4030 enim
435 3976 463 4030 in
488 3973 544 4029 illis
558 3973 681 4029 cernitur
694 3971 836 4029 muliebris
854 3972 959 4046 ingenii
973 3972 1089 4029 scientia
1102 3972 1149 4029 sed

134 4062 230 4119 nullus
244 4063 373 4138 proprius
386 4064 513 4132 affectus;
534 4080 579 4120 ars
599 4062 637 4119 ihi
655 4063 795 4134 objectiva
810 4069 885 4119 est.»
903 4061 963 4117 vid.
979 4060 1061 4118 etiarn
1076 4057 1149 4115 inira

134 4168 162 4225 p.
176 4152 220 4208 68.
