3044 5090
785 639 958 711 *m-

362 813 469 912 poetis
497 812 663 911 juvenem
700 811 884 911 designari.
925 814 1047 888 Nostra
1083 812 1253 888 sententie
1287 812 1368 888 illud

362 949 526 1049 temperis
543 949 760 1026 intervallum
786 971 856 1024 uon
882 956 952 1024 tum
974 971 1139 1046 magnum
1160 956 1212 1024 est
1234 957 1272 1023 ut
1289 948 1370 1022 essi-

361 1083 585 1159 muletionem
622 1106 839 1182 respuamus.
875 1083 1101 1180 suspicemur
1131 1083 1224 1160 euim
1252 1081 1368 1159 Cerin-

361 1217 474 1309 thum,
500 1217 689 1308 circell5‚
706 1217 836 1294 scilicet
849 1217 1095 1315 septemdecim
1113 1241 1223 1293 anuos
1237 1217 1370 1292 circiter
1447 1221 1450 1228 ’

361 1361 495 1442 netum,
514 1352 548 1427 iu
572 1353 754 1428 cultiorum
769 1352 949 1429 homiuum
965 1353 1162 1429 societatem
1183 1353 1369 1428 admissum

360 1511 446 1578 esse,
471 1495 518 1580 et,
547 1487 643 1563 brevi
673 1495 830 1587 tempore
860 1488 948 1564 iuter
975 1487 1203 1586 lepidissimus
1226 1459 1368 1586 juvenes

361 1631 642 1716 annumeratum,
666 1622 812 1699 similem
832 1620 963 1699 laetum
982 1646 1055 1699 esse
1074 1622 1210 1721 Lycide
1226 1621 1290 1708 illi,

642 1838 702 1902 quo
717 1820 793 1882 calet
802 1821 943 1902 juventus

479 1920 564 1984 lluuc
580 1919 689 1998 omnis,
704 1927 733 1982 et
747 1939 814 1983 mox
829 1919 959 2001 virgines
973 1919 1116 2003 tepebunt
1127 1919 1149 1982 ¹.

358 2129 439 2203 Post
463 2127 569 2226 igitur
593 2129 718 2204 mullos
739 2128 926 2204 amatorios
947 2127 1154 2227 triumphos,
1183 2127 1276 2203 cirea
1302 2126 1365 2202 tri·

357 2263 527 2339 cesimum
550 2263 660 2337 aetetis
683 2286 829 2357 anuum,
855 2263 944 2338 inter
964 2262 1235 2364 elegantissimos
1255 2261 1364 2337 adhuc

357 2397 513 2490 florebat,
546 2422 586 2473 eu
619 2398 728 2497 magis
763 2399 931 2474 matronis
961 2407 995 2474 et
1024 2398 1147 2496 puellis
1178 2397 1362 2496 appetitus

357 2540 404 2626 et,
428 2541 464 2606 ut
486 2532 532 2606 ite
552 2533 678 2619 dicem,
702 2533 735 2606 in
758 2533 881 2631 pretio,
909 2533 1001 2632 quud
1022 2533 1097 2632 ejus
1119 2533 1271 2608 victorire
1291 2555 1363 2608 me-

356 2667 408 2765 gis
427 2676 517 2744 uctae
539 2676 574 2744 et
597 2667 800 2766 multiplices
818 2666 968 2744 fueraut.
988 2671 1086 2744 Tunc
1105 2669 1227 2768 igitur,
1250 2692 1270 2744 e
1292 2667 1362 2744 Sul-

354 2804 443 2902 picie
467 2803 661 2894 adamatus,
685 2812 760 2901 pust
781 2802 943 2879 furtivam
964 2826 1043 2878 cum
1070 2803 1183 2902 puella
1208 2825 1360 2879 cousue-

354 2938 526 3029 tudinem,
548 2939 650 3037 justis
675 2946 710 3014 et
735 2938 930 3013 lautissimis
959 2938 1087 3036 nuptiis
1112 2937 1362 3014 cendemnatis

356 3071 462 3148 [tuem
485 3072 655 3147 auratoric
679 3073 757 3149 vitae
775 3073 948 3148 curriculo
966 3073 1143 3170 imposuit.

402 3206 585 3282 Cerinthus
608 3207 756 3306 denique
782 3206 944 3306 Sulpiciae
972 3208 1084 3305 imper
1108 3231 1236 3306 genere
1256 3217 1306 3286 est
1331 3215 1362 3284 et

355 3342 448 3433 10003
482 3341 562 3417 iude
593 3342 842 3442 impedimenta
874 3351 909 3418 et
942 3343 1038 3418 nodi.
1072 3343 1235 3418 Parentes
1270 3341 1359 3416 euim

352 3477 475 3576 puellm
489 3478 595 3553 oculis
613 3500 683 3553 nou
699 3477 808 3575 aequis
824 3500 979 3554 emerem
996 3476 1125 3570 vident,
1148 3499 1227 3564 nem
1243 3473 1359 3574 juveni

353 3612 471 3687 scribit
490 3612 642 3711 Sulpicia
662 3635 672 3686 :

474 3790 601 3856 Solliciti
614 3799 682 3854 sunt
695 3809 747 3872 pro
760 3788 857 3870 nubis,
870 3789 979 3873 quibus
993 3789 1043 3852 illa
1056 3788 1178 3867 doloris,

513 3889 556 3951 Ne
569 3888 672 3952 eedem
688 3890 798 3970 ignoto,
813 3889 940 3952 maxima
954 3907 1053 3968 cause,
1070 3888 1166 3951 torc².

390 4133 415 4187 t.
438 4131 515 4203 Her,
527 4133 635 4200 Germ,
649 4130 706 4200 1,l,
721 4130 811 4187 19-20.

387 4221 413 4278 ἓ.
435 4221 531 4292 lV,t0,
546 4220 607 4277 5-6.
