3044 5090
788 636 966 704 -po-

373 808 444 884 ries
471 831 545 884 esse
567 807 792 883 manifestum
817 816 868 882 est
883 810 906 898 ¹,
936 806 1107 905 appositas
1135 830 1205 882 non
1230 807 1387 907 junctas,

373 944 527 1041 priorem
544 942 674 1018 scilieet.
692 942 736 1016 ab
754 943 864 1017 altero
884 965 993 1040 usque
1012 940 1220 1029 adscitum,
1241 942 1389 1017 alteram
1482 1007 1483 1020 ,

374 1100 455 1154 vero
474 1101 495 1152 a
515 1077 661 1175 septimo
685 1099 792 1176 usque
814 1076 858 1151 ad
884 1075 1145 1152 duodecimum.
1161 1076 1276 1151 Semel
1291 1076 1389 1152 enim
1482 1111 1483 1158 3

373 1216 569 1309 iterumque
594 1210 638 1287 de
661 1211 781 1286 iisdem
801 1234 920 1285 rerum
939 1211 1125 1286 momentis
1147 1211 1281 1308 agitur3
1303 1211 1389 1308 quin

375 1347 483 1421 immo
497 1343 716 1421 manifestum
734 1353 785 1420 est
803 1353 987 1444 utramque
1005 1366 1071 1418 non
1089 1344 1134 1418 ab
1151 1344 1273 1420 eodem
1286 1353 1390 1443 poeta

374 1489 557 1558 tractatam
577 1503 650 1556 esse
664 1509 673 1570 ;
688 1502 769 1554 uam
785 1480 883 1578 longe
898 1479 1076 1555 dissimiles
1090 1479 1181 1555 inter
1196 1503 1234 1553 se
1250 1487 1388 1554 senteu-

374 1618 446 1707 tiae,
464 1616 586 1705 cretio,
606 1638 662 1689 ars
679 1637 838 1690 versuum
855 1613 1119 1712 pangendorum
1138 1623 1317 1713 apparant.

420 1750 628 1826 insecundo
655 1749 822 1838 carmine,
844 1748 956 1846 primo
975 1747 1103 1823 scilicet
1125 1747 1250 1846 prioris
1273 1743 1386 1834 serici,

378 1884 504 1958 eximia
549 1879 707 1981 Sulpiciae
764 1890 923 1958 venustas
965 1883 1139 1958 laudatur.
1188 1885 1226 1958 ln
1272 1883 1385 1973 tertio,

378 2024 492 2116 poeta,
521 2017 682 2116 Sulpiciae
706 2018 858 2108 nomine,
890 2017 1043 2116 nequid
1070 2017 1234 2094 Cerintho
1251 2017 1388 2092 venanti

378 2151 508 2227 accidat
522 2160 600 2227 vota
620 2149 721 2226 lacit:
748 2174 904 2227 amorem
925 2153 1039 2248 puella
1057 2150 1218 2250 patefacit
1242 2152 1388 2248 velitque

356 2288 449 2384 ‚ipsa
467 2311 529 2386 per
540 2295 673 2363 montes
685 2295 859 2362 amantem
874 2288 983 2385 sequi.
997 2289 1033 2360 ln
1047 2295 1171 2384 quarto
1184 2286 1387 2362 Corinthum

378 2422 533 2497 videmus
545 2423 617 2496 vice
632 2445 694 2496 sua
705 2430 782 2497 vcta
793 2419 977 2497 facientem
990 2431 1027 2495 ut
1042 2429 1217 2520 aegrotans
1238 2420 1388 2519 Sulpicia

378 2556 421 2630 ad
454 2555 634 2629 sanitatem
672 2579 777 2653 quam
805 2554 1005 2632 brevissime
1031 2555 1162 2631 redeat.
1195 2557 1232 2628 ln
1269 2555 1388 2653 quinto

379 2689 532 2766 Corinthi
553 2689 699 2764 formam
722 2690 875 2788 Sulpicia
897 2688 1028 2782 laudat,
1051 2698 1213 2764 mutuum
1233 2713 1387 2766 amorem

377 2824 559 2924 profitetur
585 2832 621 2900 et
646 2825 762 2900 dolere
793 2824 927 2899 videtur
950 2824 1042 2924 quod
1069 2824 1271 2899 Corinthum
1305 2823 1387 2922 quid

379 2967 472 3056 optet
490 2959 603 3056 palam
618 2958 732 3034 dicere
746 2958 887 3058 pudeat.
906 2961 943 3032 ln
961 2965 1056 3034 sexto
1071 2957 1233 3056 denique,
1248 2959 1385 3044 lunoni,

312 3183 335 3203 x
380 3104 418 3169 ut
433 3093 519 3168 votis
533 3093 658 3184 faveat,
675 3094 826 3192 puellam
844 3093 925 3167 thus
938 3101 974 3169 et
987 3093 1054 3168 liba
1072 3091 1274 3169 offerentem
1289 3101 1388 3191 poeta

416 3382 443 3434 1.
465 3378 572 3435 Primus
585 3378 724 3452 Gruppius
734 3378 857 3436 earmina
873 3377 921 3434 illa
938 3378 964 3434 in
978 3379 1046 3436 duas
1061 3386 1155 3453 partes
1169 3377 1315 3436 dividenda
1330 3395 1388 3436 esse

377 3468 529 3538 contendit,
542 3466 570 3523 in
585 3466 656 3524 libro
669 3467 716 3541 qui
729 3469 783 3525 Die
802 3467 945 3525 romische
964 3468 1060 3541 Etonia
1087 3466 1260 3538 inscribitur,
1280 3469 1387 3542 Lipsiae,

381 3558 459 3628 1838,
476 3558 557 3632 pil.
572 3557 718 3622 Quaeuunc
733 3556 831 3614 divisio
846 3557 880 3614 ab
893 3557 1020 3616 omnibus
1034 3556 1317 3632 doctisuirisaccepta
1332 3568 1386 3625 est;
1482 3599 1483 3604 κ

381 3664 441 3704 eam
456 3655 548 3704 tamen
567 3645 708 3721 Knappius
728 3646 748 3703 l.
766 3664 789 3702 s.
807 3664 829 3702 s.
845 3647 951 3720 respuit
968 3655 995 3703 et
1018 3663 1034 3703 a
1056 3644 1164 3702 Tibullo
1187 3646 1249 3720 ipso
1269 3649 1387 3704 carmina

380 3737 540 3811 posterioris
554 3751 662 3810 quoque
685 3736 766 3793 seriei
788 3737 911 3812 profecta
926 3753 986 3792 esse
1002 3743 1103 3804 censet,
1115 3744 1288 3810 puetamque,
1302 3757 1315 3792 a
1329 3745 1388 3793 cum

382 3824 434 3881 sihi
450 3825 623 3900 proposuerit
648 3842 768 3883 amorem
793 3826 914 3884 Corinthi
929 3824 1109 3900 Sulpiciaeque
1124 3831 1251 3881 mutuum
1271 3827 1389 3883 carmine

382 3912 533 3982 celebrare,
550 3913 709 3988 priusquam
731 3915 833 3988 elegias
854 3915 918 3972 inde
935 3915 969 3972 ab
992 3915 1180 3988 alternusque
1195 3915 1232 3971 ed
1248 3916 1388 3990 septimam

383 4002 536 4077 scripserit,
549 4020 670 4061 amorem
683 4003 761 4060 illum
776 4005 965 4076 adumbrasse,
974 4021 1087 4080 ea,quae
1097 4005 1125 4061 iu
1135 4021 1228 4062 amore
1241 4003 1289 4062 illc
1298 4005 1388 4078 magui

384 4105 462 4153 erant
476 4094 618 4164 momenti,
634 4095 661 4151 in
677 4094 778 4150 scheda
798 4095 920 4152 breviter
948 4094 1139 4168 descripsisse.
1154 4112 1168 4149 n
1183 4095 1223 4166 (P.
1233 4095 1289 4166 43.)
1303 4095 1389 4167 Argu-

383 4196 472 4243 menta
482 4185 582 4261 quibus
592 4184 665 4242 hanc
681 4184 837 4258 opinionem
851 4192 945 4242 tuetur
959 4183 1100 4241 levissima
1113 4192 1187 4240 sunt.
