3044 5090
552 639 733 710 „29-

185 803 401 879 ozenam
421 802 572 880 Messalae
585 802 641 878 die
659 803 777 878 Parem
791 801 947 878 cecinere
963 803 1060 879 illum
1077 803 1150 882 lore

135 937 194 1035 qni
214 938 405 1036 Aquitanos
421 938 574 1014 vinceret
589 945 624 1013 et
642 936 686 1012 de
704 939 753 1012 eis
768 937 1014 1034 triumpharet.

187 1073 298 1146 7-42.
325 1075 431 1148 Poeta
455 1072 582 1148 comite
604 1071 682 1147 duci
702 1070 811 1146 honos
840 1071 896 1147 ille
926 1087 1045 1170 partus
1069 1071 1147 1148 luit.

185 1207 311 1281 teta.
323 1208 427 1282 Multa
441 1230 579 1306 quoque
591 1229 671 1282 oum
683 1206 794 1306 gloria
808 1205 841 1279 in
859 1205 939 1282 Asia
953 1209 1150 1308 etAEgypto

136 1342 278 1415 Messala
304 1342 454 1418 bellavit:
761 1352 763 1356 ’

187 1475 313 1550 etl-na.
341 1476 424 1552 lnda
449 1477 482 1550 in
507 1476 649 1576 longum
678 1475 722 1552 de
746 1474 889 1568 Osiridi,
905 1477 1148 1576 AEgyptiorum

136 1611 216 1703 deo,
237 1634 419 1687 excursum
440 1620 543 1709 poete
561 1619 737 1709 evagatur.
1147 1647 1150 1654 ·

186 1745 312 1821 let-54.
328 1746 435 1822 Osiris
445 1747 549 1846 igitur
572 1747 642 1845 ipse
666 1745 779 1822 veniat
806 1752 843 1821 ut
865 1746 1016 1822 Messalae
1033 1746 1153 1820 trium*
1254 1831 1258 1838 ,
1305 1757 1309 1765 ’

137 1880 247 1979 phnm
264 1881 344 1956 vino
358 1889 392 1958 ct
410 1880 500 1956 ludis
518 1880 734 1957 concelebre.

187 2015 312 2091 55-64.
327 2017 452 2092 Omnia
466 2017 616 2092 Messalae
630 2016 722 2091 bona
732 2025 834 2114 poeta
846 2025 1025 2114 precatur:
1039 2017 1153 2114 proles

138 2157 236 2248 patro
262 2149 370 2250 digna
402 2151 433 2226 ei
459 2159 652 2227 succrescat
678 2175 688 2245 ;
713 2149 756 2225 de
781 2150 846 2224 viae
875 2172 982 2247 quam
1007 2151 1153 2226 munivit

138 2286 371 2361 monumentis
409 2308 588 2384 nunquam
637 2291 792 2359 taceatur
842 2291 876 2358 et
910 2282 986 2381 ejus
1026 2285 1151 2359 natalis

139 2419 267 2494 multos
284 2441 345 2516 per
361 2441 470 2494 annos
483 2417 712 2494 celebrandus
731 2417 856 2492 veniat.

185 2555 261 2628 Mea
275 2554 416 2651 quidem
433 2553 612 2644 sententia,
634 2552 767 2628 duobus
781 2552 844 2626 illis
855 2551 1068 2627 carminibus
1085 2553 1154 2628 ool·-

137 2689 226 2779 latis,
263 2689 432 2766 sementia
460 2711 579 2763 eornm
611 2687 672 2785 qui
699 2687 941 2786 panegyricum
971 2709 992 2762 a
1020 2685 1154 2762 Tibullo

137 2824 366 2922 compositum
390 2821 606 2898 contendunt
629 2820 834 2898 ualidissimo
855 2828 1060 2920 argumento
1086 2819 1154 2894 fir-

137 2967 267 3034 matur.
281 2960 486 3055 ln'utroqne
501 2956 595 3032 enim
615 2955 745 3032 eaedem
761 2956 914 3045 virtutes,
936 2955 1058 3031 eadem
1072 2954 1154 3029 uitia
1252 3001 1263 3006 -
1329 3002 1332 3008 ·

137 3093 305 3183 eminent,
335 3092 397 3169 etsi
417 3114 487 3167 non
511 3090 652 3189 pariter,
683 3090 793 3190 elegia
827 3090 920 3167 enim
947 3089 1154 3189 panegyrico
1225 3099 1229 3110 '

136 3226 326 3326 potiorest.
368 3226 525 3301 Primum
562 3225 687 3328 ductus
720 3233 753 3301 et
791 3223 903 3300 lorma
933 3226 969 3298 in
1007 3232 1154 3322 utroque

137 3361 361 3459 inaequabilia
383 3368 464 3436 sunt
481 3368 515 3435 et
537 3357 694 3450 confusa,
713 3367 827 3456 partes
841 3380 935 3433 nuno
951 3358 1152 3449 decurtatae,

137 3517 233 3570 nuno
248 3495 405 3587 fusiores,
422 3494 512 3570 inter
528 3517 563 3568 se
577 3516 646 3568 non
660 3494 871 3568 conueniunt
887 3514 951 3567 nec
964 3491 1153 3568 cohaerent.

136 3630 288 3723 Etenim,
321 3654 401 3704 cnm
435 3628 600 3704 carminis
630 3637 849 3726 argumento,
894 3625 1022 3702 scilicet
1062 3626 1155 3700 laudi

137 3765 301 3854 Messalae,
313 3764 482 3840 minorem
498 3763 614 3838 locum
626 3761 879 3861 poetatribuat,
891 3761 1155 3859 omnitempore

136 3912 213 3977 tum
223 3900 266 3975 ed
278 3898 505 3989 narrandum,
517 3905 593 3971 tum
604 3895 648 3971 ad
664 3895 929 3972 describendum
942 3895 1154 3996 digreditur;¹

135 4035 404 4136 geographicam
446 4031 625 4108 scientiam
669 4030 826 4130 inprimis
858 4039 1030 4110 ostentare
1058 4029 1153 4106 cordi

136 4169 352 4252 habel.Hinc
363 4166 592 4265 enimUlyssis
602 4188 749 4257 errores,
762 4167 855 4240 illine
870 4167 982 4241 cultus
995 4165 1150 4256 Osiridis,
