3044 5090
545 609 722 678 ...61-

117 803 137 844 a
156 798 223 852 suu
239 776 383 852 arbitrio
401 781 497 853 esse¹
518 807 535 848 r
557 802 624 855 nun
643 780 738 872 sinit,
755 782 871 857 statim
888 781 1083 859 recalcitrat
1097 790 1132 856 et

111 909 290 986 aufertur.
320 912 363 987 At
378 920 511 1006 eontra,
529 914 630 990 simul
646 916 795 1016 acquod
814 917 926 994 obstat
942 915 1131 1015 superavit,

112 1046 290 1144 gloriatur
304 1054 338 1123 et
357 1048 529 1124 exsultat:

203 1271 267 1337 Suis
279 1271 335 1335 iter
347 1291 382 1336 ex
399 1273 499 1336 animo
513 1273 660 1338 sublatum
674 1276 759 1337 triste
774 1272 909 1357 puellae?

243 1370 337 1434 Natali
353 1373 454 1436 Romae
464 1374 526 1454 jam
542 1373 611 1436 licat
626 1392 692 1437 esse
707 1382 769 1436 tuo.

203 1468 348 1533 Omnibus
361 1471 411 1534 ille
427 1473 492 1535 dias
507 1471 594 1535 nubis
608 1473 734 1551 genialis
749 1481 862 1552 agatur,

244 1566 301 1640 Qui
317 1587 372 1632 neu
385 1569 518 1653 opinanti
536 1589 613 1632 nune
628 1569 681 1632 tihi
696 1570 771 1633 lorte
788 1570 898 1634 venitt.

172 1769 250 1842 Mox
265 1769 404 1845 rivalem
421 1769 566 1862 metuit3
588 1769 683 1845 ferox
696 1778 730 1846 et
750 1769 865 1847 invida
885 1770 1057 1865 irascitur,
1074 1761 1139 1844 sed'

120 1900 168 1976 ab
193 1901 331 2002 ingenio
356 1926 426 1979 uon
455 1903 629 2000 delleutit3
658 1928 693 1980 se
721 1905 916 2004 neglectam
941 1904 1133 2006 indignata,
1161 1951 1162 1954 κ

121 2037 369 2114 contumeliam
384 2038 419 2112 in
437 2038 642 2114 Cerinthum
656 2038 743 2138 jauit
758 2048 792 2115 et
807 2039 838 2116 ei
854 2041 1029 2115 minatur:

205 2270 326 2334 Gratum
339 2278 395 2351 est,
409 2289 533 2334 securus
548 2271 676 2335 multum
688 2270 767 2353 quod
780 2271 842 2352 jam
855 2268 909 2334 tibi
924 2271 960 2335 de
975 2289 1021 2334 me

245 2369 409 2448 Permittis‚
426 2370 524 2434 subito
539 2389 577 2433 ue
594 2370 670 2433 male
683 2369 784 2453 inepta
799 2369 915 2448 eadam,

205 2467 236 2530 Si
251 2467 305 2531 tibi
320 2488 391 2532 eura
407 2477 482 2548 togae
496 2469 594 2550 potior
608 2486 803 2551 pressumque
818 2467 945 2551 quasillo

244 2565 383 2631 Scortum
400 2587 488 2650 quam
502 2567 585 2630 Servi
598 2567 660 2629 filia
669 2566 804 2651 Sulpicia
818 2588 825 2628 :

206 2664 332 2729 Solliciti
346 2674 415 2729 suut
430 2685 484 2749 pru
500 2664 596 2746 nobis,
614 2664 723 2747 quibus
739 2665 789 2727 illa
803 2665 926 2745 doloris,

245 2766 288 2830 lle
300 2765 403 2828 cedam
419 2764 531 2845 ignoto,
546 2765 675 2826 maxima
687 2763 790 2842 cauea,
807 2764 900 2825 torui.

174 2955 281 3029 Paulo
306 2962 394 3052 post,
423 2963 462 3028 ut
488 2953 635 3040 ridetur,
662 2953 697 3026 in
728 2952 890 3027 morbum
914 2951 1045 3043 inuidit,
1067 2974 1137 3050 quo

128 3112 189 3188 pru
209 3096 415 3190 argumente
436 3089 542 3164 utitur
557 3096 594 3163 ut
610 3088 763 3164 Cerinthi
779 3110 848 3163 nou
866 3086 1137 3164 misericordiam

130 3232 276 3319 moveat,
297 3224 356 3301 sed
375 3247 528 3300 amorem
543 3232 694 3323 augeat:

207 3431 298 3496 Estne
311 3428 539 3511 tihi‚Geri1lthe‚
557 3439 616 3494 tuae
633 3431 682 3513 pia
696 3448 766 3493 eura
777 3428 896 3512 puellae,

247 3531 331 3606 Quod
347 3551 413 3594 mea
427 3551 508 3594 nune
522 3539 606 3592 vexat
621 3547 746 3612 corpora
760 3529 840 3591 fessa
852 3525 967 3589 eolorl'

206 3631 252 3693 Ah
267 3636 321 3710 ego
337 3649 396 3693 non
413 3629 500 3693 aliter
514 3629 613 3691 tristes
621 3629 763 3690 evincere
778 3624 899 3688 morbos

247 3728 391 3812 Optarim
409 3747 498 3811 quam
517 3735 546 3790 te
559 3726 585 3789 si
600 3745 717 3809 quoque
734 3725 809 3788 velle
822 3731 933 3806 putem.

167 4013 191 4066 r.
210 4007 253 4079 rr,
267 4009 294 4078 a,
309 4009 335 4065 a.

166 4101 192 4158 a.
211 4098 254 4167 tv,
270 4099 296 4156 a

166 4191 190 4246 a.
211 4189 254 4258 tv,
276 4187 319 4244 10.
