3044 5090
772 627 949 698 „pp-

359 802 688 879 rlnnumorabantur
715 800 819 876 etium
840 823 921 875 cum
943 807 1061 876 auctor
1094 799 1183 874 illius
1206 801 1372 898 poenratii

359 937 453 1039 quod
490 939 582 1012 Ciris
613 934 810 1010 inscribitur
844 935 1006 1033 quodque
1036 933 1122 1010 tarso
1158 934 1303 1033 Virgilio
1334 934 1371 1009 iu

360 1072 522 1171 operibus
553 1070 791 1160 attribuitur¹‚
821 1077 891 1144 tum
921 1072 962 1145 P.
995 1069 1139 1146 Ovidius
1164 1071 1265 1158 Naso,
1293 1077 1372 1144 tum

360 1206 556 1306 Lygdamus
591 1206 660 1297 ille,
690 1203 734 1279 de
760 1227 830 1302 quo
861 1204 1149 1302 supradiximus,
1180 1203 1277 1279 multi
1297 1203 1373 1280 siue

360 1341 465 1418 dubio
479 1341 535 1415 alii
558 1362 707 1437 qrrorum
724 1339 866 1415 nomina
881 1348 1023 1437 proptor
1036 1339 1166 1438 ingenii
1178 1347 1212 1414 et
1225 1360 1374 1437 operum

362 1475 565 1553 tenuitatem
582 1474 625 1549 ad
640 1496 702 1549 nos
725 1496 794 1549 non
810 1483 1054 1571 pervenerunt.

408 1612 481 1686 Hoc
500 1611 535 1684 in
551 1618 642 1685 ooetu
664 1608 818 1683 Tibullus
837 1608 933 1683 solito
948 1629 1173 1684 romanorum
1189 1616 1374 1705 poetarum

361 1745 507 1844 Augusti
532 1743 747 1841 temporibus
777 1765 872 1819 moro
906 1743 1061 1818 earmina
1090 1742 1210 1832 edidit,
1243 1741 1375 1818 seilicet

363 1880 459 1977 prius
487 1879 607 1953 amieis
637 1879 672 1952 in
706 1877 826 1980 intimo
845 1889 880 1953 et
898 1878 1044 1954 arctiore
1067 1877 1225 1969 concilio,
1244 1886 1321 1975 post
1338 1877 1374 1951 iu

362 2012 597 2112 frequentiore
616 2013 785 2088 auditorio
807 2013 974 2104 recitavit,
1002 2013 1143 2088 collecta
1161 2012 1312 2110 denique
1331 2012 1377 2086 li-

363 2148 486 2222 bruriis
504 2147 644 2223 tradidit
663 2154 703 2223 ut
718 2157 1004 2246 proponerentur.
1128 2155 1129 2160 ’

411 2285 518 2361 Poeta
536 2283 607 2381 ipso
628 2284 781 2381 primum
808 2282 1049 2358 tautummodo
1063 2306 1208 2381 operum
1228 2283 1373 2376 librum,

363 2427 403 2493 ut
421 2418 583 2508 diximus,
604 2416 722 2507 edidit,
744 2425 791 2508 et,
816 2427 892 2515 post
917 2416 992 2515 ejus
1012 2426 1170 2506 mortem,
1193 2417 1377 2516 quidame

364 2562 471 2643 coetu,
488 2550 627 2626 Messala
646 2549 793 2641 fautore,
816 2560 854 2626 ut
875 2551 1021 2626 Haasius
1039 2551 1268 2650 suspicatur²‚
1290 2575 1376 2627 car-

363 2687 459 2764 mina
482 2684 598 2761 adhuc
622 2685 751 2761 inedita
777 2686 913 2786 collegit
940 2694 974 2761 et
1001 2686 1200 2786 publicavit.
1228 2688 1374 2762 Certum

360 2821 503 2931 quidem
529 2820 669 2897 editoris
701 2844 828 2896 nomen
853 2820 959 2896 affere
978 2844 1047 2897 non
1072 2844 1270 2920 possumus;
1299 2823 1375 2899 vioe

361 2981 425 3034 suu
442 2957 484 3030 F.
517 2954 704 3030 Hankelius
729 2955 947 3054 Lygdamum
980 2956 1091 3055 ipsum
1119 2956 1203 3032 illud
1233 2957 1376 3033 editoris

365 3113 489 3165 munus
507 3089 695 3186 suscepisse
708 3089 888 3189 conjicit³.
911 3090 1086 3190 Quidquid
1099 3100 1163 3184 est,
1183 3114 1252 3167 non
1268 3093 1377 3168 multa

363 3248 447 3301 cura
474 3247 547 3298 rem
573 3222 684 3298 editor
708 3223 853 3322 perfecit
882 3248 994 3324 neque
1021 3225 1183 3301 carminis
1206 3227 1377 3326 cujusque

364 3357 470 3436 fidem
492 3359 702 3460 recognovit.
720 3360 827 3434 Multa
846 3359 919 3435 sine
939 3358 1043 3435 dubio
1060 3384 1139 3458 quae
1159 3361 1286 3436 Tibulli
1304 3384 1375 3437 uon

364 3502 476 3585 erant,
499 3535 546 3549 -
562 3493 652 3570 inter
679 3517 771 3593 quae,
798 3493 824 3566 si
849 3492 936 3568 forte
953 3494 1108 3569 Huukelii
1137 3497 1375 3596 conjecturam

364 3629 588 3727 accipiamus,
618 3651 734 3704 versus
758 3651 780 3702 a
806 3635 913 3704 semet
937 3629 1009 3726 ipso
1031 3629 1198 3720 conditos,
1224 3638 1259 3706 et
1289 3653 1377 3728 quos

362 3763 502 3863 proprio
513 3763 763 3840 nomineedere
776 3765 828 3839 vel
844 3787 913 3840 non
927 3764 1077 3842 audebat
1091 3766 1144 3841 vel
1160 3765 1312 3856 nolebat,
1325 3808 1376 3821 —

400 4015 425 4068 l.
445 4012 483 4068 lle
500 4011 573 4080 (liri,
593 4011 647 4068 vid.
662 4013 847 4084 ternanta),
863 4014 889 4083 5,
906 4015 932 4086 2,
943 4015 1070 4073 translat.
1081 4015 1184 4089 gall.,t.
1196 4016 1232 4085 ll,
1243 4033 1268 4090 p.
1282 4016 1373 4074 to-tl.

399 4101 425 4158 b.
446 4100 558 4159 dcccl.
576 4101 642 4158 crit.
655 4103 762 4171 Berot,
773 4119 799 4158 a.
816 4105 893 4174 1837,
903 4122 930 4179 p.
943 4105 987 4162 34.

399 4187 428 4247 3.
447 4191 486 4249 llo
498 4191 672 4266 pcncpprico
684 4192 714 4250 in
728 4194 879 4254 Messalam
894 4194 1060 4264 tibultiono
1076 4212 1105 4270 p..
1117 4195 1162 4252 tl.
