3044 5090
805 574 983 644 ..16-

380 747 486 826 selee¹
507 748 636 823 hebere
651 769 843 844 possumus,
860 747 960 846 cujus
983 744 1084 845 elegi,
1104 744 1149 821 ad
1170 745 1404 822 imitationem

351 883 602 958 „tibulliunum
635 881 831 980 compositi,
869 891 978 978 poetee
1003 882 1076 974 jnm
1106 881 1235 983 mortrui
1262 891 1296 958 et
1321 883 1403 958 ideo

387 1041 454 1092 uon
474 1017 698 1116 repugnantis
711 1015 925 1091 carminibus
939 1014 1092 1114 adjuncti
1109 1027 1207 1104 sunt⁸¹

377 1203 380 1208 ·
434 1154 585 1242 Quartus
599 1151 749 1250 denique
762 1150 862 1241 liber,
880 1150 991 1249 magis
1010 1149 1138 1249 politus
1151 1173 1257 1247 quam
1271 1173 1402 1226 secun-

385 1286 461 1380 dus,
476 1296 672 1361 nontamen
688 1284 831 1361 totused
840 1285 982 1360 absoluti
997 1294 1030 1360 et
1043 1284 1186 1384 perlecti
1194 1286 1307 1384 operis
1317 1308 1400 1383 spe-

384 1421 472 1496 ciem
493 1421 672 1518 perductus
691 1420 794 1497 luisse
809 1420 956 1496 videtur.
970 1421 1085 1496 Nimio
1101 1419 1342 1517 plurosadhuc
1361 1421 1398 1494 in

384 1578 425 1631 ec
452 1557 597 1632 meculae
624 1563 807 1655 apparent:
834 1556 983 1630 multum
1011 1554 1108 1630 abest
1132 1563 1183 1646 ut,
1202 1554 1398 1632 seeundum

384 1691 497 1766 Flacci
515 1699 739 1788 praeceptum,

681 1923 720 1985 sit
733 1922 858 2003 simplex
873 1923 1014 1988 duntaxat
1029 1929 1057 1985 et
1069 1942 1173 1986 unum.

381 2121 419 2195 ln
447 2142 488 2195 eo
517 2119 610 2196 enim
641 2128 709 2196 trcs
739 2129 854 2220 portes
882 2121 985 2220 plene
1013 2121 1206 2214 dissimiles,
1236 2131 1275 2198 ut
1304 2119 1397 2194 infre

382 2252 549 2346 dicemus,
585 2255 749 2354 oppositae
774 2265 867 2346 sunt,
892 2278 959 2330 non
982 2257 1196 2355 coujunctce3
1221 2279 1264 2332 ne
1285 2255 1400 2330 tenuis

381 2389 524 2486 quidem
542 2389 598 2464 ille
619 2389 697 2463 lilus
711 2390 864 2465 cernitur
879 2414 949 2489 quo
969 2401 1080 2490 portes
1097 2390 1209 2488 operis
1226 2391 1275 2465 vel
1295 2388 1397 2465 dissi-

381 2523 479 2596 miles
499 2523 644 2620 scriptor
661 2524 807 2622 quisque
827 2535 964 2602 nectere
984 2533 1141 2601 conatur.
1164 2524 1384 2624 Deniquear·

261 2727 262 2730 i
380 2665 587 2753 gumentum
604 2656 850 2758 plerorumque
869 2643 1087 2752 carminum,
1107 2661 1236 2738 scilieet
1250 2663 1292 2738 ud
1314 2661 1397 2736 Sul-

381 2790 504 2887 piciam
542 2800 575 2866 et
607 2792 813 2868 Corinthum
852 2787 1116 2892 pertinentium,
1152 2819 1222 2872 non
1262 2797 1395 2873 sinebat

361 2913 552 2998 ¹Tibullum
580 2948 623 3000 ee
650 2927 684 3000 in
712 2927 823 3003 lucem
849 2928 1014 3027 prolerre.
1041 2929 1262 3006 Credendum
1291 2931 1396 3029 igitur

381 3056 476 3132 illum
503 3058 629 3133 librum
658 3083 729 3136 non
757 3085 778 3136 a
809 3072 909 3161 poeta
935 3061 1064 3140 editum
1093 3063 1227 3158 luisse,
1265 3066 1323 3142 sed
1351 3067 1395 3142 ab

380 3190 502 3265 eodem
519 3195 748 3291 compositore
770 3197 830 3298 qui
854 3199 1042 3273 secundum
1063 3201 1213 3300 collegit.

428 3325 512 3415 Quis
527 3327 632 3425 igitur
649 3332 859 3428 compositor
874 3332 930 3407 ille
946 3333 1032 3408 funt
1048 3335 1112 3426 Qui
1130 3333 1170 3409 fir
1189 3345 1227 3410 ut
1241 3335 1395 3410 Tibullus

381 3459 453 3557 ipse
472 3462 676 3561 pleramque
697 3487 843 3563 operum
867 3477 1000 3564 purtem
1017 3492 1086 3543 non
1103 3468 1272 3546 ediderit?
1289 3472 1391 3564 Nem,

379 3595 405 3666 si
421 3595 580 3693 quaedum
596 3607 676 3672 sunt
698 3599 733 3673 in
754 3609 879 3699 quartu
895 3602 984 3676 libro
1005 3626 1084 3701 quoe
1102 3604 1308 3704 pervulgare
1324 3627 1393 3680 nou

380 3731 528 3826 potuerit
541 3741 576 3806 et
589 3732 623 3806 in
641 3734 793 3810 seeundo
812 3759 890 3834 quoe
910 3760 978 3812 nou
998 3737 1113 3813 cdlruc
1130 3741 1211 3814 setis
1230 3738 1393 3837 perlectae

416 3951 441 4006 l.
462 3949 505 4007 Fr.
523 3952 638 4009 Hessius
658 3956 797 4014 contendit
813 3958 938 4016 eumdem
954 3977 1014 4017 esse
1030 3959 1197 4036 Lygdamum
1212 3979 1243 4018 ac
1256 3961 1393 4018 Valerium

380 4038 554 4096 Messalinum
577 4043 701 4100 Messalae
719 4046 815 4103 srlium.
839 4048 898 4104 Vld.
915 4049 958 4106 W.
972 4051 1085 4120 Teuffel,
1101 4053 1264 4112 uescttelte
1274 4053 1326 4110 der
1337 4054 1393 4110 Ru·-

380 4129 505 4188 miscltcn
518 4132 681 4204 literatior,
695 4133 757 4204 llo,
772 4136 798 4206 d,
812 4136 936 4195 translat.
952 4138 1030 4212 gall,
1045 4147 1065 4197 t.
1082 4140 1114 4211 ll,
1134 4159 1162 4216 p.
1180 4141 1224 4200 75.
