3044 5090
526 825 714 942 ¹uu

198 1131 499 1278 tulare
554 1137 878 1276 irruam
936 1141 1168 1281 arura

499 1927 872 2016 PROOEMIUM

228 2285 301 2361 Etsi
341 2282 550 2384 jamdudum
593 2282 655 2356 sub
698 2283 823 2358 Tibulli
868 2282 1007 2358 uomine
1045 2286 1195 2382 quatuor

180 2421 357 2520 elegorum
372 2417 451 2491 libri
467 2416 712 2504 inscribantur,
723 2417 910 2516 plurimum
922 2415 1019 2493 abest
1031 2423 1069 2492 ut
1078 2419 1195 2494 amnia

179 2554 237 2628 illa
263 2552 419 2628 carmina
443 2573 564 2650 parem
597 2551 837 2626 auctoritatem
869 2551 1076 2628 habeantet
1103 2560 1195 2628 reete

179 2687 300 2764 relerri
330 2694 460 2784 queant
487 2685 529 2761 ad
559 2685 722 2762 eumdem
751 2693 903 2784 poetam.
934 2686 1125 2775 Quaesitum
1146 2695 1197 2761 est

177 2823 253 2922 jam
268 2820 391 2920 saepius
410 2844 489 2919 quae
504 2819 639 2896 Tibullo
655 2819 903 2919 abjudicanda,
922 2843 999 2918 quae
1018 2820 1050 2896 ei
1067 2819 1197 2895 adscri-

183 2954 298 3031 benda
322 2953 505 3030 videantur
521 2956 606 3030 ‚Nou
622 2954 731 3030 sulum
751 2953 842 3030 ducti
863 2953 926 3028 viri
943 2955 1051 3030 multa
1064 2954 1195 3030 ineerta

124 3181 126 3185 ,
181 3113 253 3168 esse
277 3089 312 3162 in
329 3088 446 3164 libella
470 3088 530 3187 qui
550 3088 613 3163 sub
639 3088 778 3164 nomine
800 3089 891 3166 illius
911 3097 1021 3188 puetae
1043 3089 1195 3166 eircum-

179 3224 291 3300 fertur
317 3222 575 3322 judicaverunt,
613 3222 673 3298 sed
706 3223 810 3299 etiam
841 3225 950 3300 multa
978 3224 1090 3300 aliena
1121 3247 1195 3300 esse

182 3356 422 3447 contenanum
445 3356 648 3432 dissentiunt
669 3365 805 3432 tantum
828 3358 870 3434 de
894 3381 1040 3436 numeru
1060 3359 1202 3435 earmi-'

182 3512 263 3563 num
296 3513 375 3588 quae
398 3490 585 3590 rejicienda
613 3491 728 3566 sintet
746 3491 789 3568 de
815 3492 1038 3590 scriptoribus
1070 3493 1195 3594 quibus

182 3617 323 3698 attribui
343 3624 502 3700 debeant.

230 3757 379 3832 Nomina
409 3779 477 3832 nun
509 3757 682 3857 proferam
707 3759 863 3834 emnium
889 3761 949 3858 qui
977 3760 1087 3838 multa
1114 3785 1198 3839 eura

184 3893 366 3990 multaque
408 3891 591 3989 prudentia
634 3893 858 3992 quaestionem
909 3895 1002 3972 illam
1044 3898 1198 3998 agitave-

184 4034 279 4116 runt,
302 4049 345 4100 ne
369 4027 576 4124 ampliorem
594 4027 741 4104 iudicem
760 4030 967 4107 euustituere
986 4055 1124 4107 necesse
1141 4033 1196 4106 sit.

189 4159 356 4247 Quaedam
378 4168 495 4236 tamen
521 4162 656 4242 silentio
679 4187 746 4240 nan
767 4166 1073 4263 pretermittenda.
1098 4167 1201 4242 Post-

314 4286 476 4325 mumauum.
1045 4289 1047 4293 ’
1089 4281 1100 4328 1
