3044 5090
568 597 746 668 ..47-

141 767 357 862 riderentur,
382 769 416 843 in
430 776 576 869 utroque
589 777 706 846 tamen
724 793 851 869 magna
870 771 952 847 satis
978 783 1158 871 supererat

144 903 306 979 materies
342 903 386 978 ad
411 904 461 980 vel
490 905 679 981 seeundum
715 889 840 980 librum
877 905 921 980 ab
956 905 1030 1003 ipso
1057 915 1158 1004 poeta

142 1037 380 1113 contlandum.

192 1173 276 1246 Duae
302 1172 368 1246 illae
400 1173 607 1270 questiones
634 1173 733 1249 iaoile
760 1172 1001 1271 expedientur,
1028 1176 1056 1250 si
1079 1198 1159 1274 per-

142 1307 359 1404 spexerimus
379 1307 556 1404 quomodo
583 1316 694 1405 poeta·
709 1308 815 1383 vitam
838 1309 948 1408 egerit
974 1319 1010 1384 et
1033 1310 1160 1409 quibus

142 1439 267 1515 amieis
285 1438 501 1516 familiariter
524 1465 605 1516 usus
623 1443 677 1516 sit.
842 1419 844 1423 V

193 1573 363 1667 Tibullus,
389 1597 411 1648 a
438 1575 551 1672 prima
571 1576 768 1674 juventute,
794 1576 839 1650 in»
856 1575 962 1653 tidem
985 1586 1020 1652 et
1041 1577 1160 1676 prassi-

146 1708 244 1782 dinm
268 1709 431 1801 Messalae,
450 1717 489 1784 ut
507 1709 667 1801 vidimuS,
687 1718 849 1810 aceeptus
871 1709 999 1788 fuerat.
1019 1711 1162 1786 Messala

147 1865 217 1918 noo
242 1843 353 1918 solum
381 1844 701 1942 praestantissimum
727 1845 919 1920 incivitate
942 1845 1161 1920 lnoumobti·

146 1976 266 2071 nebat,
283 1975 341 2052 sed
367 1977 472 2052 etiam
500 1978 622 2053 litteris
644 1977 758 2056 lavere
783 1979 996 2078 gloriabatur
1020 1988 1056 2054 et
1070 1983 1163 2054 circa

139 2101 181 2186 se
210 2118 393 2210 poetarum
428 2112 627 2189 societatem
663 2113 873 2188 institueret.
910 2113 1086 2206 Tibullus,
1126 2113 1161 2186 in

147 2269 226 2321 eam
246 2245 444 2323 societatem
466 2255 639 2345 receptus,
663 2246 827 2344 pleraque
847 2246 1004 2322 earmina
1027 2246 1163 2321 favente

147 2381 292 2457 Messala
310 2380 429 2473 edidit,
452 2381 507 2458 nui
530 2381 624 2478 pium
641 2381 730 2482 grati
754 2381 861 2459 animi
882 2382 1006 2480 pignus
1024 2380 1166 2479 poeticis

144 2515 317 2606 laudibus,
334 2515 459 2614 saepius
478 2515 619 2608 iteratis,
646 2516 807 2592 solvebat.

196 2651 241 2726 ll.
263 2649 417 2724 Valerius
431 2650 572 2726 Messala
583 2650 752 2725 Corvinus
768 2673 801 2724 a.
821 2673 857 2724 u.
874 2651 1163 2727 bennatusest1.
1204 2747 1205 2752 Ν

148 2783 304 2875 Athenis,
327 2792 365 2858 ut
392 2806 466 2858 mos
485 2792 576 2877 erat,
594 2783 726 2859 studuit
751 2789 798 2876 et,
817 2783 995 2859 interiecto
1015 2786 1163 2868 Gaesare,

148 2919 306 3019 quamuis
340 2919 432 2994 Urba
474 2919 620 3010 abesset,
653 2919 686 2992 io
720 2918 844 2993 tabulis
880 2899 1165 3017 proscriptionum

149 3053 342 3152 adscriptus
359 3060 422 3129 est.
441 3053 606 3143 Quamvis
621 3075 701 3128 mox
715 3053 791 3151 ejus
808 3074 935 3128 nomen
962 3061 1096 3128 motum
1109 3052 1164 3143 sit,

150 3198 268 3262 tamen
284 3209 364 3261 oum
380 3189 485 3262 Bruto
504 3194 539 3262 et
557 3187 673 3262 Cassio
692 3209 790 3261 arma
814 3187 929 3285 gessit,
953 3215 970 3266 r
989 3189 1168 3284 proximus

150 3344 272 3397 eorum
292 3319 514 3396 auetoritati²
536 3350 565 3394 .»
587 3322 667 3396 Post
681 3321 840 3419 praelium
859 3320 950 3418 apud
973 3319 1165 3418 Philippos

153 3455 197 3531 ad
214 3455 401 3530 Antonium
430 3477 466 3531 sa
493 3455 672 3545 convertit,
697 3454 770 3546 sed,
795 3453 870 3553 ejus
893 3453 1015 3552 agendi
1037 3453 1168 3528 ratione

153 3588 358 3689 defatigatus
369 3587 396 3679 ³,
424 3589 457 3663 in
480 3587 629 3688 gratiam
645 3587 746 3664 rediit
765 3611 846 3662 eum
860 3586 1087 3676 Octaviano⁴,
1107 3586 1167 3684 qui

193 3805 220 3859 l.
240 3801 394 3875 Ambigitur
416 3802 498 3858 etiam
524 3801 557 3858 de
572 3799 656 3857 natali
672 3799 803 3857 llessalae.
833 3798 893 3856 Vid.
920 3798 1036 3869 llanlrel,
1052 3817 1077 3874 p.
1096 3802 1123 3872 6,
1140 3809 1169 3858 et

156 3891 271 3959 Teuffel,
286 3891 456 3959 Gesobiebta
469 3889 532 3960 ma,
549 3893 574 3960 l,
584 3890 707 3946 translat.
721 3887 799 3962 gall,
813 3897 835 3947 t.
849 3889 883 3960 11,
896 3907 925 3964 p.
941 3891 984 3946 18.

192 3981 219 4037 l.
241 3979 307 4037 Vell.
325 3980 394 4049 Pet,
407 3980 442 4049 ll,
455 3981 499 4048 li,
517 3981 542 4035 t.

192 4069 219 4126 3.
241 4067 321 4139 Ptin,
335 4069 370 4125 Η.
382 4069 430 4138 Ν.,
445 4068 560 4138 lllllllll,
577 4070 604 4138 3,
621 4069 664 4126 ll.

193 4156 546 4231 ammummm

283 4257 438 4298 Ltnnounu't.
