3044 5090
571 586 751 657 ..55-

198 764 334 837 Nomen
359 759 554 851 Corinthun,
577 757 668 858 quod
692 759 727 833 in
749 780 791 834 eo
811 759 887 834 looo
904 758 1008 834 italioi
1029 758 1163 836 oodioes

150 897 279 987 lerunt,
297 919 340 971 ex
359 893 640 992 interpretatione
655 893 806 992 quadam
823 916 915 969 nuno
931 893 1054 969 inserta
1070 917 1164 972 nuno

148 1032 292 1130 expulsa
313 1037 428 1105 ortum
443 1037 514 1121 ost;
537 1028 628 1104 unde
648 1028 797 1105 nominis
810 1029 869 1103 illa
886 1027 1074 1104 diversitas.
1093 1030 1160 1106 Sed

148 1157 189 1243 eu
207 1166 281 1264 ipsu
301 1164 495 1241 diversitate
517 1186 628 1239 unum
648 1171 752 1261 atque
773 1161 936 1240 eumdem
957 1162 1162 1238 cerinthum

150 1309 186 1376 et
201 1303 396 1377 Cornutum
412 1297 515 1374 luisse
533 1297 661 1375 inferre
680 1321 875 1397 possumus.

188 1435 241 1510 tt
260 1435 319 1534 qui
343 1434 383 1509 lit
406 1441 443 1508 ut
462 1435 571 1534 elegia
599 1434 656 1507 illa
682 1431 835 1508 secunda
857 1431 998 1508 secundi
1024 1432 1102 1518 libri
1125 1457 1162 1510 se
1196 1414 1198 1418 ¹

149 1569 373 1646 insinuaverit
400 1571 435 1644 in
469 1569 594 1644 librum
620 1568 760 1644 omnino
790 1567 942 1642 alienum
968 1576 1003 1644 et
1028 1568 1065 1641 in
1092 1590 1162 1665 quo

148 1727 265 1782 rerum
281 1705 454 1797 ordinem,
468 1704 596 1780 scilieet
613 1702 765 1780 Nemesis
777 1701 968 1794 historiam,
986 1701 1162 1799 inopinata

149 1840 281 1938 rumpit
294 1846 328 1916 et
346 1845 527 1914 moratur?
545 1837 635 1927 Quia
654 1837 802 1938 elegiam
826 1837 920 1911 illam
945 1836 1161 1912 committere

149 1975 332 2051 voluerunt
366 1997 447 2049 oum
481 1973 583 2048 tertia
611 1971 766 2071 ejusdem
794 1971 874 2046 libri
903 1995 981 2070 quae
1016 1971 1159 2047 Cornuti

147 2132 287 2209 quoque
309 2131 434 2186 nomen
459 2106 612 2207 praelert,
637 2107 794 2205 quamvis
820 2107 863 2182 ad
880 2106 1034 2182 Nemesis
1052 2104 1160 2181 histo-

148 2244 236 2320 riam
254 2244 440 2343 pertineat.

194 2379 285 2454 Fieri
320 2387 439 2454 tamen
473 2384 584 2476 potest
617 2385 654 2451 ut
681 2375 793 2475 elegia
823 2375 879 2450 illa
902 2374 1054 2451 secunda
1078 2373 1156 2449 libri

146 2514 289 2591 seouudi
319 2514 363 2589 ab
391 2513 464 2611 ipso
478 2513 612 2588 Tibullo
640 2511 723 2587 huie
751 2496 838 2586 libro
856 2489 1156 2610 adjunotal'uerit.

145 2652 317 2740 Quartum
355 2648 485 2723 librum
523 2655 598 2745 post
633 2655 779 2723 mortem
817 2655 925 2744 poetae
962 2670 984 2721 a
1015 2669 1158 2745 compo-

146 2786 254 2861 sitore'
281 2784 433 2883 quodam
464 2783 644 2859 oolleetum
672 2790 707 2859 et
733 2769 865 2858 editum
892 2805 964 2857 esse
991 2781 1153 2858 diximus.

144 2920 313 3010 Tibullus,
336 2918 397 3019 qui
426 2917 618 2994 seeundum
645 2918 770 2992 librum
796 2939 865 2992 non
888 2916 1078 3015 perfecerat
1096 2917 1156 2994 sed

146 3062 183 3130 ut
203 3054 321 3131 ederet
339 3062 543 3152 pararemus
559 3055 650 3130 inter
672 3076 737 3128 sua
759 3054 914 3128 earmina
934 3052 977 3128 de
994 3053 1157 3152 Sulpiciae

147 3197 301 3266 amatore
316 3191 428 3266 solum
443 3190 476 3263 in
492 3189 645 3265 seeundo
659 3188 746 3264 libro
761 3188 946 3265 admiserat
958 3189 1051 3288 qnod
1065 3190 1158 3263 salva

146 3325 291 3399 Cornuti
310 3324 516 3414 reuerentia,
541 3324 692 3398 ttessuae
718 3330 801 3398 tuno
829 3324 990 3423 conjugio
1014 3323 1157 3421 propin-

145 3483 236 3558 quus
257 3458 353 3550 laeti,
381 3459 435 3534 edi
459 3467 606 3557 poterat,
624 3458 752 3533 seilicet
769 3458 812 3534 de
835 3458 938 3533 natali
959 3458 1014 3533 die
1035 3464 1156 3556 gratu-

146 3581 310 3668 lationem
325 3596 347 3666 ¹.

197 3730 283 3820 Quis
296 3752 378 3806 vero
401 3731 573 3806 Cornutus
592 3737 666 3805 erat
689 3751 783 3804 nuno
802 3728 1063 3828 requirendum.
1085 3733 1157 3806 No·

148 3888 227 3940 meo
244 3865 328 3941 illud
341 3867 462 3942 Romae
476 3864 567 3963 apud
585 3865 711 3940 multas
729 3865 908 3964 clarasque
924 3875 1044 3966 gentes
1063 3866 1157 3944 inve-

182 4163 207 4218 1.
230 4161 271 4218 Cl.
286 4161 400 4233 Teuffel,
411 4162 533 4222 Studien
546 4162 606 4220 und
617 4151 772 4234 Glordlct„
784 4181 812 4238 p.
829 4163 891 4222 368.
