3044 5090
589 620 766 691 „53-

213 793 419 868 Cerintbum
435 793 620 868 voluerunt
637 817 745 868 unum
764 818 806 868 ex
821 795 861 868 iis
875 797 1041 871 Graeculis
1058 797 1175 892 luisse,

161 927 223 1024 qui
254 928 375 1002 Romae
405 927 457 1001 his
485 927 699 1025 temporibus
724 929 758 1002 in
790 952 976 1027 procerum
1004 940 1176 1008 cantuset

162 1061 453 1138 cousuetudinem
473 1086 509 1138 se
536 1062 758 1154 insinuantes,
780 1073 949 1162 quaestum
971 1065 1082 1140 forma
1105 1090 1177 1142 sar-

163 1195 243 1293 pius
267 1195 440 1272 faciebant
461 1205 496 1272 et
522 1219 641 1274 amore
670 1198 759 1273 velut
786 1200 915 1295 optima
943 1198 986 1276 ad
1014 1223 1096 1299 opes
1120 1202 1178 1276 via

164 1328 364 1405 utebantur.
386 1330 469 1420 Sed,
489 1341 631 1429 accepta
649 1332 706 1406 illa
724 1333 935 1430 oonJ'ectnra,
957 1333 1051 1408 baud
1076 1334 1175 1411 facile

163 1465 226 1537 bas
257 1463 370 1561 justas
401 1465 539 1562 nuptias
572 1489 650 1564 quae
678 1475 795 1564 aperte
824 1467 859 1540 in
893 1467 1002 1568 elegia
1026 1469 1176 1544 secunda

162 1597 307 1674 secundi
320 1598 395 1673 libri
408 1597 645 1695 significantur
656 1601 837 1677 admittere
852 1624 1043 1699 possumus.
1056 1605 1175 1679 Romae

165 1733 260 1808 enim
279 1732 368 1809 iuter
385 1735 579 1808 Romanam
597 1743 632 1809 et
651 1736 811 1811 Graecum
834 1737 1053 1812 matrimonia
1074 1738 1175 1836 plane

166 1867 302 1941 insolita
325 1875 357 1943 et
373 1890 451 1942 raro
469 1877 581 1959 eraut,
607 1869 842 1969 Sulpiciaque,
866 1870 953 1947 adeo
975 1872 1079 1947 nobili
1100 1873 1174 1949 loco

163 2009 253 2091 orta,
269 2002 326 2075 tali
348 2001 511 2102 conjugio
526 2003 703 2080 deminuta
720 2003 849 2080 luisset.
870 2006 961 2080 Nihil
978 2006 1071 2081 aliud
1086 2007 1175 2083 inter

162 2137 301 2211 Graecos
314 2144 348 2211 et
359 2140 530 2213 Romanas
543 2160 723 2234 procerum
741 2161 852 2215 mores
866 2139 1094 2215 admittebant
1108 2142 1171 2215 nisi

161 2270 287 2346 liberas
309 2271 585 2369 conjunctiones,
611 2296 690 2369 quae
719 2273 860 2371 quidem
891 2274 986 2348 brevi
1013 2283 1170 2372 ternpore

160 2403 195 2477 in
215 2404 390 2501 vulgarem
404 2404 689 2482 consuetudinem
704 2414 884 2482 venerant.
898 2407 995 2481 lllulti
1012 2407 1174 2483 eGreecis

161 2560 347 2636 procerum
387 2537 421 2611 in
455 2537 585 2614 aedibus
625 2549 871 2639 preceptores,
910 2549 1169 2638 procuratores,

159 2673 296 2762 scribae,
316 2674 570 2770 opportunitate
591 2657 777 2750 munerum
799 2675 865 2767 nsi,
891 2699 970 2750 cum
997 2676 1055 2750 illa
1076 2677 1173 2774 inge·

161 2806 210 2880 nii
236 2806 372 2882 solertia
399 2829 477 2904 qum
499 2807 678 2904 proprium
705 2809 817 2907 geritis
838 2818 925 2899 erat,
950 2808 1097 2882 filiarum
1121 2811 1172 2884 rel

159 2950 397 3016 matronarum
418 2941 528 3038 primo
545 2942 672 3017 conscii
690 2941 814 3018 deinde
835 2951 1005 3019 amatores
1025 2942 1168 3019 fiebant.

157 3079 250 3167 lam,
268 3076 412 3152 finiente
426 3076 614 3174 republica,
635 3077 754 3154 Cicero
771 3077 883 3177 lepide
904 3077 1082 3154 deridebat
1096 3079 1171 3154 illos

166 3241 181 3279 u
201 3211 386 3286 mulierum
408 3219 645 3298 assentatores,
674 3213 868 3312 cognitores
888 3214 1085 3299 viduarum,
1109 3212 1170 3288 de-

161 3345 656 3444 lensoresnimiomlitigiosos,
672 3347 836 3421 contritos
850 3346 893 3421 ad
909 3348 1053 3445 regium,
1070 3349 1169 3444 inep-

160 3489 213 3555 tus
236 3503 277 3555 ac
298 3480 635 3570 stultosinterviros,
654 3480 921 3555 intermulieres
937 3481 1065 3577 peritos
1082 3481 1170 3579 juris

160 3623 195 3690 ot
209 3615 350 3690 callidus
364 3615 387 3688 ¹.
403 3645 419 3684 u
440 3614 536 3689 Multi
553 3637 691 3713 quoque
706 3622 805 3689 eraut
818 3614 869 3689 vel
885 3615 985 3703 servi,
1001 3614 1055 3690 vel
1067 3614 1170 3692 liber·
1283 3613 1284 3616 '

161 3749 223 3824 tini
259 3750 318 3848 qui
355 3779 371 3817 «
392 3749 681 3824 dominamsnam
710 3749 963 3824 delectarentur
978 3751 1010 3840 ¹,
1027 3780 1043 3818 »
1067 3749 1174 3826 obse-

197 4113 223 4167 t.
244 4113 302 4169 Pro
320 4112 402 4180 duc,
418 4111 448 4180 V,
466 4109 930 4182 1t.ot.Senec.,oontrcv.,vlu,
947 4111 991 4168 eo.

195 4202 222 4258 2.
244 4199 365 4270 Petron,
382 4201 488 4272 Satin,
505 4218 528 4257 c.
544 4199 618 4255 lle.
