3044 5090
795 641 971 711 ..38-

373 816 426 892 vel
447 813 567 890 leviter
590 814 640 890 vel
661 813 798 890 uberius
815 812 941 912 tetigit¹
956 842 964 904 ;
980 813 1055 912 jam
1069 823 1171 892 antea
1183 817 1217 892 in
1235 819 1380 917 septima

373 949 486 1050 prima
509 948 588 1022 libri
614 947 725 1047 elegia
745 944 908 1022 fusiorem
937 970 1120 1024 excursum
1143 951 1187 1027 do
1209 951 1337 1028 Osiridi
1351 960 1383 1028 et

371 1083 508 1160 Baccho
522 1081 727 1157 notavimus,

422 1219 489 1294 Res
500 1216 674 1292 interdum
689 1237 793 1313 prave
804 1216 982 1315 dispositas
994 1225 1029 1292 et
1041 1217 1239 1296 distributas
1252 1230 1288 1297 et
1305 1243 1384 1296 ora-

373 1352 475 1428 tionis
503 1350 766 1449 explicationem
804 1349 874 1425 hno
905 1350 987 1425 illue
1014 1351 1187 1429 incondite
1217 1354 1384 1432 fluctuare

374 1485 541 1576 salemum
565 1485 674 1560 multa
688 1485 793 1559 etiam
813 1482 964 1560 latemur
981 1485 1112 1561 ineerta
1131 1510 1196 1563 neo
1213 1498 1337 1565 exacta
1350 1490 1384 1563 in

374 1623 574 1698 orationese
587 1618 724 1695 offerre.
742 1621 828 1710 Quae
841 1642 922 1695 vero
933 1619 1076 1717 juvenili
1090 1621 1262 1719 imperitia
1282 1646 1386 1699 exeu-

375 1779 501 1832 semus.
533 1754 604 1828 Etsi
628 1751 798 1829 Baohius²
831 1782 847 1822 a
879 1759 916 1827 τό
951 1777 1033 1828 nom
1070 1755 1158 1830 mire
1191 1754 1319 1856 frigere
1352 1769 1386 1832 et

374 1891 499 1989 saepius
517 1887 629 1963 redire
639 1887 666 1978 ³,
691 1919 707 1958 »
734 1886 903 1962 Wiesius⁴
922 1888 1208 1986 conjunctionum
1236 1892 1383 1991 copiam,

373 2027 415 2102 F.
443 2021 648 2099 Teulellius⁵
683 2051 699 2088 ι(
713 2044 836 2120 ergo»
871 2022 1075 2120 particulam
1102 2047 1227 2121 parurn
1254 2027 1385 2123 poetico

375 2181 521 2236 numero
529 2156 789 2233 convenientem
802 2157 1010 2254 vituperent,
1022 2157 1097 2234 haee
1111 2161 1229 2234 omnia
1245 2184 1385 2259 «pauca

376 2292 567 2371 maculat»
589 2298 682 2382 sunt,
699 2312 768 2365 non
786 2312 864 2365 vero
876 2291 990 2389 magni
1004 2293 1169 2369 momenti
1182 2303 1385 2394 argumenta

376 2439 414 2504 ut
445 2426 673 2528 panegyricus
701 2424 836 2499 Tibullo
858 2423 1019 2523 indignus
1047 2425 1230 2504 habeatur.
1265 2429 1384 2503 Primis

377 2564 410 2636 in
437 2560 598 2659 operibus
625 2567 735 2657 poetae
757 2557 923 2659 cujusque
944 2558 1071 2634 similia
1091 2571 1292 2654 occurrunt,
1324 2585 1384 2638 neo

377 2697 525 2773 multum
559 2718 600 2770 ex
626 2694 828 2770 rudimentis
863 2695 927 2768 illis
960 2696 1119 2793 supersit,
1154 2697 1182 2769 si
1219 2696 1383 2796 quidquid

376 2832 539 2933 frigidum
552 2839 585 2906 et
600 2829 815 2904 inconditum
828 2815 987 2906 censores
998 2829 1163 2906 adiment.
1180 2831 1336 2906 Tibullus
1351 2831 1381 2905 in

375 2966 511 3067 primis,
532 2974 570 3039 ut
590 2963 795 3040 Teuffelius⁷
817 2972 911 3040 recte
934 2965 1074 3056 notavit,
1106 2987 1175 3040 non
1198 2966 1289 3042 inter
1314 2967 1383 3042 illos

377 3107 496 3200 poetas
527 3099 806 3174 annumerandus
834 3106 884 3174 est
905 3099 965 3197 qni
992 3123 1128 3176 merum
1155 3109 1189 3175 et
1215 3101 1383 3176 sincerum

414 3367 440 3422 1.
461 3365 500 3424 01.
513 3366 535 3436 l,
550 3365 575 3434 0,
592 3365 641 3435 10,
655 3365 754 3432 515ος
767 3365 793 3433 3,
803 3364 848 3433 35,
861 3364 1024 3438 sq.,58·80;
1043 3366 1070 3434 1,
1080 3365 1175 3436 0576,
1187 3367 1279 3435 37-38,
1293 3363 1383 3435 63-61,

378 3456 477 3522 6870,
491 3457 518 3525 5,
535 3455 632 3524 15-16;
650 3456 676 3523 7,
693 3454 790 3524 13-19;
808 3453 851 3523 10,
867 3453 1019 3524 35-38;11,
1034 3454 1061 3524 3,
1081 3456 1184 3524 11-283
1200 3457 1226 3522 1,
1243 3456 1343 3525 isli-563
1358 3455 1383 3524 5,

378 3547 456 3616 9-10,
472 3544 563 3604 15-70.

414 3636 440 3692 l.
462 3637 556 3709 Epist.
578 3634 687 3703 aritio,
703 3651 728 3708 p.
745 3633 790 3690 35.

413 3726 439 3784 3.
460 3724 506 3794 lv,
522 3728 547 3795 1,
563 3723 722 3794 1113515,
739 3724 784 3792 51,
801 3722 863 3792 107,
877 3722 938 3788 tlt,
955 3723 1016 3793 151,
1034 3723 1094 3781 183.

414 3817 440 3870 l.
461 3815 523 3871 Loe.
539 3831 601 3888 sup.
619 3815 684 3886 sig.,
701 3831 729 3888 p.
746 3813 790 3870 71.

414 3904 440 3960 5.
460 3903 502 3961 De
524 3903 598 3970 Cot„
624 3903 696 3970 Tib,
724 3904 814 3976 Prop.
841 3903 955 3962 vocibus
978 3904 1088 3976 sinool.
1117 3905 1301 3975 dissertatio,
1329 3905 1386 3962 l’ri-

378 3993 471 4067 burgi,
486 3991 566 4062 1872),
582 4010 609 4067 p.
626 3993 653 4049 3.

413 4083 439 4140 6.
460 4081 569 4150 Horat„
586 4082 624 4139 ad
634 4082 705 4150 Pis,
719 4081 846 4140 351-355.

416 4173 441 4232 7.
464 4171 546 4232 stud.
562 4172 623 4230 eod
639 4171 791 4241 clarell,
807 4189 834 4246 p.
849 4170 913 4230 355.
