3044 5090
781 547 970 674 kau-

375 777 434 852 sed
474 806 490 844 «
521 776 619 852 Serui
645 774 725 850 filia
757 801 773 847 a
804 775 944 876 conjux.
979 775 1108 852 Genius
1136 775 1232 852 adest
1272 777 1385 876 igitur,

285 895 288 900 ’
377 909 729 994 «honoresuisurus¹
750 908 795 984 :u

454 1111 624 1209 Adnuaieu
643 1135 788 1218 Coruum,
806 1131 860 1195 tibi
876 1131 1085 1216 quodcumque
1099 1132 1226 1214 rogabis.

495 1231 540 1294 En
555 1249 620 1311 age,
637 1232 710 1314 quid
725 1229 848 1295 cessas?
861 1231 968 1293 adnuit
980 1231 1033 1292 ille
1049 1251 1063 1292 :·
1074 1247 1155 1310 roga.

454 1330 606 1410 Auguror,
621 1329 721 1394 uxoris
736 1331 812 1394 lidos
830 1329 946 1411 optabis
960 1346 1088 1392 amores.

455 1526 529 1591 Vota
543 1525 664 1589 cadunt.
680 1525 776 1590 Viden
792 1531 825 1588 ut
841 1522 1068 1607 strepitantibus
1083 1524 1200 1587 advolet
1214 1525 1279 1587 alis·

494 1625 641 1706 Flavaque
656 1625 793 1705 conjugio
808 1624 926 1686 vincula
940 1631 1035 1705 portet
1050 1623 1153 1701 llmor,

455 1721 581 1786 Vincula
595 1740 660 1805 quae
675 1731 817 1786 maneant
829 1739 958 1803 semper,
976 1721 1047 1783 dum
1062 1721 1148 1784 larda
1160 1727 1299 1785 senectus

496 1821 623 1882 Inducat
634 1839 722 1900 rugas
738 1821 912 1901 inficiatque
926 1837 1036 1882 comas.

454 1917 517 2000 Hac
529 1918 628 1980 veniat
644 1917 752 1980 natalis
768 1918 812 1980 avi
828 1917 999 1999 prolemque
1013 1918 1172 1995 ministret,

493 2014 587 2078 Ludat
602 2023 630 2078 et
646 2023 715 2078 ante
730 2024 798 2079 tuos
812 2016 899 2078 turba
914 2017 1031 2078 novella
1046 2013 1165 2098 peresa

424 2215 473 2287 Ex
487 2212 543 2288 illo
558 2213 653 2287 brevi
679 2213 804 2304 iudice,
824 2213 923 2288 facile
947 2213 1100 2288 cernitur
1118 2211 1283 2310 inpriore
1302 2213 1387 2288 serie

373 2347 536 2445 explicari
564 2346 706 2422 affectus
733 2347 793 2444 qui
819 2354 922 2423 antea
953 2345 988 2421 in
1022 2346 1210 2444 posteriore
1229 2343 1386 2422 'breuiter

372 2480 521 2577 expressi
546 2479 692 2555 luerunt.
722 2481 818 2556 Idem
844 2504 944 2555 amor
967 2503 1044 2556 cum
1064 2479 1193 2554 uicibus
1211 2480 1333 2555 iisdem
1354 2482 1383 2554 in

373 2623 519 2711 utraque
541 2615 711 2709 volvitur3
738 2615 831 2691 verbi
863 2615 989 2715 gratia,
1009 2624 1168 2712 quartum
1191 2637 1333 2689 carmen
1356 2625 1386 2689 el

373 2745 595 2823 undecimum
621 2748 655 2822 in
680 2749 840 2846 Sulpiciae
864 2749 998 2838 morbo,
1022 2748 1184 2846 quintum
1203 2755 1237 2822 et
1256 2771 1383 2823 nonum

372 2882 406 2956 in
429 2883 533 2956 natali
562 2882 714 2957 Corinthi
742 2890 853 2958 tractu
874 2883 996 2959 eodem
1029 2882 1256 2979 explicantur.
1291 2883 1384 2956 Prior

372 3015 475 3090 series
494 3023 631 3112 poetam
653 3017 736 3090 artis
752 3024 945 3114 compotem
966 3025 1000 3092 et
1019 3016 1197 3114 ingenium
1211 3015 1256 3091 de
1276 3016 1384 3092 aliena

372 3147 522 3246 quadam
540 3149 836 3226 amatorialabula
850 3160 1068 3226 exercentem
1089 3149 1248 3236 ostendit,
1270 3157 1379 3247 poste·

372 3282 443 3357 rior
458 3305 539 3370 vero
550 3306 667 3360 amore
683 3285 888 3384 flagrantem
903 3286 1053 3384 puellam
1070 3284 1244 3360 incondito
1263 3284 1382 3382 saepius

358 3392 429 3492 sed
448 3417 662 3495 inflammato
682 3443 779 3496 versu
801 3443 918 3496 sensus
936 3420 1091 3518 proprios
1116 3418 1379 3516 exprimentem.

372 3553 534 3627 Carmina
553 3553 597 3627 ab
618 3555 763 3652 septimo
783 3555 952 3652 usquead
973 3554 1234 3643 duodecimum,
1256 3553 1382 3628 scilicet

371 3709 450 3762 vere
468 3673 645 3763 amatoriae
671 3689 838 3785 epistolae,
865 3697 975 3786 poetae
996 3687 1069 3763 sine
1089 3687 1195 3762 dnbio
1221 3685 1383 3761 mandata

294 3863 303 3874 -
371 3826 464 3912 sunt,
481 3821 541 3917 qui
555 3843 613 3895 eas
627 3821 787 3899 liberiore
811 3823 1035 3920 explicatione
1057 3823 1303 3919 interpretatus
1316 3828 1378 3912 est,

409 4059 434 4112 l.
455 4057 490 4126 ll,
506 4057 533 4126 l,
547 4057 573 4114 5.

409 4144 435 4202 ἓ.
457 4147 492 4216 ll,
509 4147 537 4218 l,
551 4149 577 4217 9,
593 4165 666 4222 sqq,
679 4149 722 4219 17,
736 4167 797 4225 sqq.
