3044 5090
591 649 747 719 ..9..

161 821 232 894 700
245 818 423 919 proferunt
442 839 632 917 eorumque
644 819 813 895 sententia
829 817 977 894 maxime
994 817 1176 916 probanda

161 955 330 1030 videtur¹.

208 1088 307 1180 Quod
324 1111 404 1164 vero
417 1087 578 1162 advitam
592 1097 701 1187 poetae
715 1088 848 1180 attinet,
861 1087 1062 1187 paucissima
1078 1087 1178 1162 uobis

159 1223 287 1299 indioia
316 1221 443 1298 tradita
467 1230 560 1298 sunt.
593 1224 688 1298 Vitas
709 1221 795 1299 duas
819 1223 1000 1309 habemus,
1026 1244 1175 1320 quarum

160 1358 268 1432 altera
297 1355 402 1456 ignoti
436 1357 598 1448 auctoris,
623 1359 732 1435 altera
760 1356 960 1456 Hieronymi
991 1355 1175 1455 enjusdam

158 1519 263 1593 quem
301 1497 468 1571 Sanctum
500 1497 749 1596 Hieronymum
781 1520 853 1573 esse
884 1497 1081 1587 voluerunt,
1117 1495 1176 1570 sed

160 1629 254 1704 nulla
277 1625 346 1706 fide
374 1629 489 1705 allata.
513 1631 613 1705 Prior
638 1631 686 1706 ita
709 1654 771 1706 nos
789 1629 910 1707 docet:
938 1661 952 1698 u
982 1631 1071 1706 Ante
1094 1628 1177 1704 alios

159 1769 346 1846 Corvinum
359 1770 538 1846 Messalam
564 1778 735 1847 oratorem
759 1769 891 1861 dilexit,
914 1769 1014 1869 cujus
1038 1778 1073 1845 et
1095 1789 1177 1844 con-

159 1904 349 1981 tubernalis
362 1904 558 2002 aquitanico
572 1905 663 1980 bello
685 1905 849 2001 (nno-28,
868 1903 936 2003 sq.)
967 1903 1174 1978 militaribus

159 2041 256 2116 donis
281 2039 428 2114 donatus
444 2048 506 2115 est.
531 2069 548 2111 u
568 2042 753 2138 Nunquam
767 2048 870 2138 poeta
883 2049 943 2114 aut
955 2039 1100 2136 Augusti
1116 2047 1176 2114 aut

158 2174 353 2251 Maecenatis
367 2175 580 2251 mentionem
601 2173 694 2250 iacit.
714 2178 858 2250 Ineunte
877 2175 960 2262 vita,
978 2173 1175 2272 patrimonii

159 2308 362 2407 quibusdam
380 2307 597 2384 facultatibus
621 2332 700 2383 usus
718 2331 792 2384 esse
811 2308 959 2400 ridetur,
981 2307 1025 2384 de
1048 2306 1174 2404 quihus

157 2443 229 2542 ipse
250 2443 332 2520 dicit
353 2469 361 2517 :

236 2705 302 2770 Non
315 2723 369 2784 ego
381 2704 499 2768 divitias
513 2712 630 2788 patrum
643 2705 819 2787 fructusque
838 2706 970 2787 requiro,

278 2803 358 2877 Quos
371 2803 438 2864 tulit
453 2802 575 2884 antiqua
590 2803 709 2865 condita
725 2803 831 2865 messis
845 2804 930 2866 avo².

207 3029 261 3118 nt,
293 3027 320 3100 si
356 3027 506 3102 Messalae
543 3027 770 3127 panegyricus
803 3027 934 3115 eidem,
963 3027 1170 3125 utorium,
1224 3041 1227 3046 '

159 3161 363 3236 tribuendus
376 3168 425 3236 est
444 3189 451 3230 :

237 3384 309 3448 Nam
324 3383 410 3465 mini,
426 3402 493 3446 oum
508 3384 622 3464 magnis
637 3384 743 3466 opibus
756 3385 863 3448 domus
877 3385 936 3448 alta
953 3353 1071 3462 niteret,

237 3481 291 3545 Cui
305 3483 422 3546 fuerant
437 3483 502 3544 flavi
518 3483 646 3546 ditantes
658 3483 763 3547 ordino
779 3484 856 3546 sulci

194 3761 219 3814 t.
241 3758 390 3834 Disputatio
406 3759 537 3817 donatuli
550 3769 639 3835 poetae
654 3760 793 3816 invenitur
806 3759 834 3816 in
856 3758 997 3830 Hanketio,
1022 3763 1065 3818 Da
1080 3777 1171 3834 pone·

156 3848 255 3922 aynae
268 3850 299 3906 in
318 3851 467 3908 Messalam
483 3850 646 3921 tabellione,
674 3867 701 3925 p.
720 3849 765 3918 35,
788 3849 834 3924 qui
857 3848 973 3923 Gruppii
999 3857 1025 3907 et
1045 3850 1169 3907 Teusseiii

156 3938 317 3994 sententiam
333 3938 468 4012 sequitur,
480 3948 507 3996 et
520 3940 548 3995 in
562 3938 723 4014 Hartungio,
733 3942 776 3998 De
783 3941 959 4013 paneqyrico
974 3940 1012 3997 od
1022 3941 1172 4000 Messalam

154 4027 437 4125 pseudo-titulum,
456 4045 483 4102 p.
511 4030 569 4100 1-5,
592 4029 640 4105 qui
666 4029 754 4088 Vossii
777 4029 1009 4106 computationem
1033 4029 1169 4107 potiorem

157 4113 367 4276 witin.
