3044 5090
794 613 973 684 ,50-

373 786 481 863 Servii
498 784 641 884 Sulpicii
656 785 902 884 jurisconsulti,
920 785 981 884 qui
993 785 1082 862 inter
1100 787 1278 864 Ciceronis
1291 789 1378 863 anri·

372 943 429 997 aas
447 919 753 996 annumerabatur.
773 919 917 995 Valeriae
937 920 1042 1017 igitur
1056 919 1178 1012 filiam,
1197 922 1305 1020 patris
1319 946 1381 998 nc·

371 1056 465 1132 mine
479 1055 667 1154 Sulpiciam
682 1077 745 1154 prc
757 1078 852 1130 mcre
863 1054 1006 1147 dictam,
1023 1056 1070 1131 nil
1083 1065 1175 1133 velat
1189 1057 1378 1155 Sulpiciam

370 1191 465 1266 illam
495 1188 598 1266 fuisse
630 1214 737 1289 quam
765 1190 958 1288 quaerimus¹
985 1198 1019 1267 et
1053 1215 1131 1290 qum
1161 1191 1379 1270 familiariter

366 1325 508 1401 Messala
527 1325 697 1400 auunculo
718 1347 793 1412 usa,
811 1333 849 1400 ut
869 1325 905 1399 in
920 1325 1131 1401 carminibus
1151 1327 1195 1402 de
1214 1328 1379 1404 Cerintho

369 1459 484 1538 videre
497 1463 584 1554 θεῖ’,
598 1461 631 1534 in
643 1459 776 1558 poetico
784 1460 859 1559 ejus
869 1470 962 1535 coetu
978 1462 1190 1536 versabatur.
1208 1464 1379 1538 Praeterea

368 1595 574 1693 Sulpicium,
591 1594 751 1691 Sulpiciae
770 1602 917 1692 patrem,
939 1595 1124 1671 uerisimile
1142 1605 1193 1672 est
1216 1598 1377 1673 Servium

367 1731 463 1806 illurn
489 1729 604 1821 fuisse,
625 1729 793 1827 optimum
813 1729 979 1827 jadicem,
1004 1730 1105 1829 cujus
1128 1733 1274 1806 Flaccus
1298 1733 1378 1807 lan-

367 1865 446 1940 dem
467 1863 649 1962 appetebat
661 1863 689 1950 ²,
714 1887 817 1962 quem
841 1864 972 1939 Plinius
991 1865 1080 1940 inter
1099 1867 1245 1941 arcticos
1261 1875 1377 1965 pactas

366 1996 687 2090 annumeravit³‚et
703 1998 953 2097 cujus0vidius
975 2000 1158 2098 «improba
1173 2001 1370 2076 carminab

365 2155 437 2210 esse
476 2132 648 2210 dicebatl.
690 2132 726 2210 Si
767 2143 900 2231 patrem
943 2134 1107 2232 Sulpiciae
1157 2159 1239 2211 cum
1276 2136 1374 2211 fuisse

365 2289 580 2360 censeamus,
610 2268 694 2344 nihil
713 2269 840 2344 mirum
859 2269 949 2369 quod
965 2269 1095 2369 aliquid
1119 2271 1233 2347 simila
1253 2272 1288 2345 in
1314 2273 1367 2345 in·

363 2401 439 2479 dole
465 2404 604 2502 puellae,
621 2403 771 2501 ingenia,
788 2411 862 2480 arte
876 2405 1023 2502 poetica,
1041 2406 1197 2480 muribus
1223 2405 1369 2504 denique

364 2543 583 2642 superfuerit.

412 2679 471 2755 His
486 2679 598 2772 dictis,
617 2679 771 2756 fabulam
790 2681 1013 2779 inspiciamus
1027 2707 1105 2781 quae
1123 2707 1142 2760 a
1160 2685 1369 2760 carminibus

359 2816 412 2891 vel
431 2814 553 2891 Tibulli
573 2817 624 2892 vel
640 2815 802 2913 sulpicia
817 2817 964 2907 eminet3
988 2815 1142 2893 tabulam
1154 2819 1368 2918 jucundissi-

359 2973 453 3024 mam
468 2958 503 3026 et
520 2950 635 3049 magni
651 2951 817 3026 momenti
831 2951 875 3026 ad
894 2952 1179 3050 introspiciendus
1193 2957 1367 3030 Romanos

358 3105 471 3158 mores
486 3083 578 3159 circa
594 3085 721 3159 Tibulli
736 3093 887 3163 aetatem.
912 3088 948 3162 Si
971 3089 1077 3164 nostri
1097 3090 1263 3188 temporis
1278 3091 1363 3166 bene

395 3279 420 3336 l.
443 3278 487 3352 lV,
502 3281 528 3350 8,
545 3279 572 3350 5,
588 3297 647 3356 sqq.
668 3300 674 3338 :

499 3419 562 3485 Jam,
573 3419 673 3470 nimium
688 3421 791 3471 Messala
800 3421 848 3471 mei
860 3421 976 3485 studiose,
992 3423 1103 3487 quiescas

534 3493 585 3542 llon
597 3494 748 3556 tempestiuae
758 3507 824 3556 saepe
843 3495 976 3558 propinqua
990 3496 1045 3549 viae.

496 3563 540 3615 llic
551 3565 658 3614 animam
671 3578 807 3629 sensusque
824 3579 891 3616 meas
905 3569 1010 3618 abducta
1024 3567 1135 3632 relinquo

532 3636 637 3687 Arbilam
652 3636 766 3699 quoniam
779 3651 828 3688 nun
838 3638 898 3688 sinis
912 3654 967 3690 esse
979 3653 1044 3692 meo.

391 3809 417 3866 4.
438 3810 513 3879 Sat„
529 3809 551 3880 1,
566 3811 610 3881 ru,
626 3812 672 3868 94.

391 3895 417 3955 3.
438 3899 505 3970 Ep,
520 3898 551 3968 V,
563 3899 590 3969 3,
604 3899 630 3956 5.

390 3987 416 4044 4.
441 3988 584 4056 Trist.,ll‚
599 3990 662 4045 444.

385 4077 415 4221 l5.
437 4076 482 4222 Cf.1
490 4076 534 4133 W.
549 4077 664 4148 Teuffel,
677 4080 845 4140 Rbmisclaaa
855 4084 1017 4156 Liberantur,
1030 4083 1093 4154 444,
1107 4085 1138 4156 3;
1152 4085 1277 4143 translat.
1287 4086 1362 4160 gall„

352 4173 373 4224 t.
398 4166 468 4240 ,pl
490 4203 498 4221 .
