<?xml version="1.0" encoding="UTF-8"?>
<!DOCTYPE html PUBLIC "-//W3C//DTD XHTML 1.0 Transitional//EN"
    "http://www.w3.org/TR/xhtml1/DTD/xhtml1-transitional.dtd">
<html xmlns="http://www.w3.org/1999/xhtml" xml:lang="en" lang="en">
 <head>
  <title>
</title>
<meta http-equiv="Content-Type" content="text/html;charset=utf-8" />
  <meta name='ocr-system' content='tesseract 3.04.00' />
  <meta name='ocr-capabilities' content='ocr_page ocr_carea ocr_par ocr_line ocrx_word'/>
</head>
<body>
  <div class='ocr_page' id='page_1' title='image "./dequartotibulli00larrgoog_0068.png"; bbox 0 0 3044 5090; ppageno 0'>
   <div class='ocr_carea' id='block_1_1' title="bbox 557 609 735 679">
    <p class='ocr_par' dir='ltr' id='par_1_1' title="bbox 557 609 735 679">
     <span class='ocr_line' id='line_1_1' title="bbox 557 609 735 679; baseline 0.006 -20"><span class='ocrx_word' id='word_1_1' title='bbox 557 609 735 679; x_wconf 71' lang='grc'>...49-</span> 
     </span>
    </p>
   </div>
   <div class='ocr_carea' id='block_1_2' title="bbox 140 778 1155 1006">
    <p class='ocr_par' dir='ltr' id='par_1_2' title="bbox 140 778 1155 1006">
     <span class='ocr_line' id='line_1_2' title="bbox 142 778 1155 880; baseline 0.002 -26"><span class='ocrx_word' id='word_1_2' title='bbox 142 778 401 876; x_wconf 87' lang='lat' dir='ltr'>complorantur</span> <span class='ocrx_word' id='word_1_3' title='bbox 438 778 543 854; x_wconf 84' lang='lat' dir='ltr'>uirtus</span> <span class='ocrx_word' id='word_1_4' title='bbox 568 795 603 856; x_wconf 87' lang='lat' dir='ltr'>et</span> <span class='ocrx_word' id='word_1_5' title='bbox 637 781 807 880; x_wconf 86' lang='lat' dir='ltr'>sapientia</span> <span class='ocrx_word' id='word_1_6' title='bbox 834 783 945 858; x_wconf 86' lang='lat' dir='ltr'>Roma</span> <span class='ocrx_word' id='word_1_7' title='bbox 977 781 1155 859; x_wconf 85' lang='lat' dir='ltr'>detrusae</span> 
     </span>
     <span class='ocr_line' id='line_1_3' title="bbox 140 911 351 1006; baseline 0.014 -20"><span class='ocrx_word' id='word_1_8' title='bbox 140 911 351 1006; x_wconf 87' lang='lat' dir='ltr'>Domitiano,</span> 
     </span>
    </p>
   </div>
   <div class='ocr_carea' id='block_1_3' title="bbox 243 1093 1077 1277">
    <p class='ocr_par' dir='ltr' id='par_1_3' title="bbox 243 1093 1077 1277">
     <span class='ocr_line' id='line_1_4' title="bbox 393 1093 908 1179; baseline 0.01 -24"><span class='ocrx_word' id='word_1_9' title='bbox 393 1093 445 1177; x_wconf 90' lang='lat' dir='ltr'>qui</span> <span class='ocrx_word' id='word_1_10' title='bbox 458 1113 509 1157; x_wconf 88' lang='lat' dir='ltr'>rex</span> <span class='ocrx_word' id='word_1_11' title='bbox 523 1093 672 1159; x_wconf 86' lang='lat' dir='ltr'>Romanos</span> <span class='ocrx_word' id='word_1_12' title='bbox 686 1095 815 1179; x_wconf 88' lang='lat' dir='ltr'>imperat</span> <span class='ocrx_word' id='word_1_13' title='bbox 829 1097 908 1160; x_wconf 86' lang='lat' dir='ltr'>inter</span> 
     </span>
     <span class='ocr_line' id='line_1_5' title="bbox 243 1191 1077 1277; baseline 0.005 -22"><span class='ocrx_word' id='word_1_14' title='bbox 243 1191 309 1256; x_wconf 89' lang='lat' dir='ltr'>Non</span> <span class='ocrx_word' id='word_1_15' title='bbox 322 1191 406 1256; x_wconf 90' lang='lat' dir='ltr'>trabe</span> <span class='ocrx_word' id='word_1_16' title='bbox 417 1193 469 1256; x_wconf 91' lang='lat' dir='ltr'>sed</span> <span class='ocrx_word' id='word_1_17' title='bbox 486 1201 580 1274; x_wconf 84' lang='lat' dir='ltr'>tergo,</span> <span class='ocrx_word' id='word_1_18' title='bbox 595 1195 753 1277; x_wconf 89' lang='lat' dir='ltr'>prolapsus</span> <span class='ocrx_word' id='word_1_19' title='bbox 768 1203 798 1258; x_wconf 91' lang='lat' dir='ltr'>et</span> <span class='ocrx_word' id='word_1_20' title='bbox 810 1194 942 1277; x_wconf 84' lang='lat' dir='ltr'><strong>ingluvie</strong></span> <span class='ocrx_word' id='word_1_21' title='bbox 955 1195 1041 1260; x_wconf 87' lang='lat' dir='ltr'>albus</span> <span class='ocrx_word' id='word_1_22' title='bbox 1055 1197 1077 1275; x_wconf 79' lang='lat'>¹,</span> 
     </span>
    </p>
   </div>
   <div class='ocr_carea' id='block_1_4' title="bbox 138 1349 1161 2379">
    <p class='ocr_par' dir='ltr' id='par_1_4' title="bbox 138 1349 1161 2379">
     <span class='ocr_line' id='line_1_6' title="bbox 138 1349 1161 1456; baseline 0.002 -26"><span class='ocrx_word' id='word_1_23' title='bbox 138 1355 198 1454; x_wconf 92' lang='lat' dir='ltr'>qui</span> <span class='ocrx_word' id='word_1_24' title='bbox 234 1377 334 1446; x_wconf 90' lang='lat' dir='ltr'>vero,</span> <span class='ocrx_word' id='word_1_25' title='bbox 378 1357 537 1432; x_wconf 88' lang='lat' dir='ltr'>maximis</span> <span class='ocrx_word' id='word_1_26' title='bbox 578 1357 784 1434; x_wconf 87' lang='lat' dir='ltr'>instantibus</span> <span class='ocrx_word' id='word_1_27' title='bbox 810 1349 909 1450; x_wconf 75' lang='lat' dir='ltr'>odiis,</span> <span class='ocrx_word' id='word_1_28' title='bbox 948 1381 1028 1434; x_wconf 85' lang='lat' dir='ltr'>mox</span> <span class='ocrx_word' id='word_1_29' title='bbox 1068 1359 1161 1456; x_wconf 88' lang='lat' dir='ltr'>peri·</span> 
     </span>
     <span class='ocr_line' id='line_1_7' title="bbox 139 1489 345 1568; baseline 0.019 -4"><span class='ocrx_word' id='word_1_30' title='bbox 139 1498 238 1565; x_wconf 87' lang='lat' dir='ltr'>turus</span> <span class='ocrx_word' id='word_1_31' title='bbox 256 1489 345 1568; x_wconf 63' lang='lat' dir='ltr'>eset</span> 
     </span>
     <span class='ocr_line' id='line_1_8' title="bbox 142 1623 1155 1721; baseline 0.001 -19"><span class='ocrx_word' id='word_1_32' title='bbox 142 1623 145 1629; x_wconf 82' lang='grc'><strong>’</strong></span> <span class='ocrx_word' id='word_1_33' title='bbox 190 1625 290 1702; x_wconf 91' lang='lat' dir='ltr'>Nullo</span> <span class='ocrx_word' id='word_1_34' title='bbox 311 1626 413 1703; x_wconf 92' lang='lat' dir='ltr'>modo</span> <span class='ocrx_word' id='word_1_35' title='bbox 433 1627 471 1701; x_wconf 94' lang='lat' dir='ltr'>hi</span> <span class='ocrx_word' id='word_1_36' title='bbox 496 1651 627 1721; x_wconf 80' lang='lat' dir='ltr'>ueram,</span> <span class='ocrx_word' id='word_1_37' title='bbox 648 1630 702 1704; x_wconf 89' lang='lat' dir='ltr'>vel</span> <span class='ocrx_word' id='word_1_38' title='bbox 726 1629 852 1705; x_wconf 89' lang='lat' dir='ltr'>senarii</span> <span class='ocrx_word' id='word_1_39' title='bbox 871 1629 924 1708; x_wconf 88' lang='lat' dir='ltr'>vel</span> <span class='ocrx_word' id='word_1_40' title='bbox 948 1628 1155 1721; x_wconf 81' lang='lat' dir='ltr'><strong>hexametri,</strong></span> 
     </span>
     <span class='ocr_line' id='line_1_9' title="bbox 142 1761 1159 1860; baseline 0.002 -24"><span class='ocrx_word' id='word_1_41' title='bbox 142 1761 272 1837; x_wconf 83' lang='lat' dir='ltr'>Tibulli</span> <span class='ocrx_word' id='word_1_42' title='bbox 290 1762 453 1860; x_wconf 76' lang='lat' dir='ltr'>Sulpiciae</span> <span class='ocrx_word' id='word_1_43' title='bbox 480 1763 655 1841; x_wconf 88' lang='lat' dir='ltr'>tribuendi</span> <span class='ocrx_word' id='word_1_44' title='bbox 679 1772 778 1854; x_wconf 92' lang='lat' dir='ltr'>sunt;</span> <span class='ocrx_word' id='word_1_45' title='bbox 797 1765 1044 1840; x_wconf 87' lang='lat' dir='ltr'>aaarrninibus</span> <span class='ocrx_word' id='word_1_46' title='bbox 1066 1764 1159 1840; x_wconf 92' lang='lat' dir='ltr'>enim</span> 
     </span>
     <span class='ocr_line' id='line_1_10' title="bbox 143 1897 1156 1996; baseline 0.002 -22"><span class='ocrx_word' id='word_1_47' title='bbox 143 1897 188 1974; x_wconf 92' lang='lat' dir='ltr'>de</span> <span class='ocrx_word' id='word_1_48' title='bbox 203 1897 369 1974; x_wconf 80' lang='lat' dir='ltr'>Cerintho</span> <span class='ocrx_word' id='word_1_49' title='bbox 385 1898 487 1996; x_wconf 82' lang='lat' dir='ltr'>longe</span> <span class='ocrx_word' id='word_1_50' title='bbox 502 1897 665 1975; x_wconf 87' lang='lat' dir='ltr'>dilleruut</span> <span class='ocrx_word' id='word_1_51' title='bbox 680 1907 714 1975; x_wconf 88' lang='lat' dir='ltr'>et</span> <span class='ocrx_word' id='word_1_52' title='bbox 735 1900 910 1976; x_wconf 81' lang='lat' dir='ltr'>sententiis</span> <span class='ocrx_word' id='word_1_53' title='bbox 929 1908 964 1976; x_wconf 92' lang='lat' dir='ltr'>et</span> <span class='ocrx_word' id='word_1_54' title='bbox 985 1922 1156 1976; x_wconf 88' lang='lat' dir='ltr'>sermone.</span> 
     </span>
     <span class='ocr_line' id='line_1_11' title="bbox 193 2033 1156 2133; baseline 0.003 -27"><span class='ocrx_word' id='word_1_55' title='bbox 193 2033 291 2108; x_wconf 89' lang='lat' dir='ltr'>Hanc</span> <span class='ocrx_word' id='word_1_56' title='bbox 314 2054 453 2132; x_wconf 85' lang='lat' dir='ltr'>quoque</span> <span class='ocrx_word' id='word_1_57' title='bbox 472 2056 545 2110; x_wconf 92' lang='lat' dir='ltr'>esse</span> <span class='ocrx_word' id='word_1_58' title='bbox 560 2035 744 2110; x_wconf 85' lang='lat' dir='ltr'>noluerunt</span> <span class='ocrx_word' id='word_1_59' title='bbox 766 2035 953 2133; x_wconf 92' lang='lat' dir='ltr'>Sulpiciam</span> <span class='ocrx_word' id='word_1_60' title='bbox 974 2057 995 2109; x_wconf 87' lang='lat' dir='ltr'>a</span> <span class='ocrx_word' id='word_1_61' title='bbox 1012 2035 1156 2110; x_wconf 88' lang='lat' dir='ltr'>Messala</span> 
     </span>
     <span class='ocr_line' id='line_1_12' title="bbox 140 2167 1157 2268; baseline 0.001 -27"><span class='ocrx_word' id='word_1_62' title='bbox 140 2174 309 2259; x_wconf 79' lang='lat' dir='ltr'>amntem,</span> <span class='ocrx_word' id='word_1_63' title='bbox 341 2169 481 2267; x_wconf 86' lang='lat' dir='ltr'>quaein</span> <span class='ocrx_word' id='word_1_64' title='bbox 514 2169 691 2244; x_wconf 80' lang='lat' dir='ltr'>Catulectis</span> <span class='ocrx_word' id='word_1_65' title='bbox 722 2167 806 2244; x_wconf 85' lang='lat' dir='ltr'>falso</span> <span class='ocrx_word' id='word_1_66' title='bbox 837 2168 980 2268; x_wconf 82' lang='lat' dir='ltr'>Virgilio</span> <span class='ocrx_word' id='word_1_67' title='bbox 1012 2168 1157 2243; x_wconf 80' lang='lat' dir='ltr'>addictis</span> 
     </span>
     <span class='ocr_line' id='line_1_13' title="bbox 142 2303 383 2379; baseline 0 -2"><span class='ocrx_word' id='word_1_68' title='bbox 142 2303 383 2379; x_wconf 84' lang='lat' dir='ltr'>memoratur:</span> 
     </span>
    </p>
   </div>
   <div class='ocr_carea' id='block_1_5' title="bbox 264 2516 985 2699">
    <p class='ocr_par' dir='ltr' id='par_1_5' title="bbox 264 2516 985 2699">
     <span class='ocr_line' id='line_1_14' title="bbox 264 2516 985 2602; baseline -0.003 -20"><span class='ocrx_word' id='word_1_69' title='bbox 264 2519 393 2582; x_wconf 85' lang='lat' dir='ltr'>Felicem</span> <span class='ocrx_word' id='word_1_70' title='bbox 409 2527 477 2582; x_wconf 89' lang='lat' dir='ltr'>ante</span> <span class='ocrx_word' id='word_1_71' title='bbox 491 2519 565 2582; x_wconf 89' lang='lat' dir='ltr'>alias</span> <span class='ocrx_word' id='word_1_72' title='bbox 581 2527 662 2582; x_wconf 90' lang='lat' dir='ltr'>tanto</span> <span class='ocrx_word' id='word_1_73' title='bbox 678 2518 822 2602; x_wconf 84' lang='lat' dir='ltr'>scriptore</span> <span class='ocrx_word' id='word_1_74' title='bbox 838 2516 985 2601; x_wconf 90' lang='lat' dir='ltr'>puellam!</span> 
     </span>
     <span class='ocr_line' id='line_1_15' title="bbox 304 2617 899 2699; baseline -0.003 -18"><span class='ocrx_word' id='word_1_75' title='bbox 304 2619 404 2681; x_wconf 82' lang='lat' dir='ltr'>Altera</span> <span class='ocrx_word' id='word_1_76' title='bbox 419 2637 478 2680; x_wconf 92' lang='lat' dir='ltr'>non</span> <span class='ocrx_word' id='word_1_77' title='bbox 491 2617 569 2681; x_wconf 86' lang='lat' dir='ltr'>sarna</span> <span class='ocrx_word' id='word_1_78' title='bbox 584 2618 692 2680; x_wconf 82' lang='lat' dir='ltr'>dixerit</span> <span class='ocrx_word' id='word_1_79' title='bbox 707 2636 772 2680; x_wconf 88' lang='lat' dir='ltr'>esse</span> <span class='ocrx_word' id='word_1_80' title='bbox 787 2617 899 2699; x_wconf 82' lang='lat' dir='ltr'>prior³.</span> 
     </span>
    </p>
   </div>
   <div class='ocr_carea' id='block_1_6' title="bbox 144 2805 1187 3446">
    <p class='ocr_par' dir='ltr' id='par_1_6' title="bbox 144 2805 1151 3180">
     <span class='ocr_line' id='line_1_16' title="bbox 193 2805 1151 2900; baseline -0.008 -14"><span class='ocrx_word' id='word_1_81' title='bbox 193 2808 262 2886; x_wconf 90' lang='lat' dir='ltr'>Sed</span> <span class='ocrx_word' id='word_1_82' title='bbox 282 2809 368 2884; x_wconf 91' lang='lat' dir='ltr'>nihil</span> <span class='ocrx_word' id='word_1_83' title='bbox 388 2809 423 2884; x_wconf 90' lang='lat' dir='ltr'>in</span> <span class='ocrx_word' id='word_1_84' title='bbox 438 2808 646 2885; x_wconf 88' lang='lat' dir='ltr'>carminibus</span> <span class='ocrx_word' id='word_1_85' title='bbox 661 2807 705 2883; x_wconf 91' lang='lat' dir='ltr'>de</span> <span class='ocrx_word' id='word_1_86' title='bbox 720 2806 884 2882; x_wconf 87' lang='lat' dir='ltr'>Cerintho</span> <span class='ocrx_word' id='word_1_87' title='bbox 899 2806 965 2881; x_wconf 87' lang='lat' dir='ltr'>lale</span> <span class='ocrx_word' id='word_1_88' title='bbox 978 2805 1151 2900; x_wconf 81' lang='lat' dir='ltr'>ridemus3</span> 
     </span>
     <span class='ocr_line' id='line_1_17' title="bbox 144 2940 1135 3044; baseline -0.005 -25"><span class='ocrx_word' id='word_1_89' title='bbox 144 2945 272 3043; x_wconf 84' lang='lat' dir='ltr'>nuptiae</span> <span class='ocrx_word' id='word_1_90' title='bbox 299 2953 420 3021; x_wconf 89' lang='lat' dir='ltr'>contra</span> <span class='ocrx_word' id='word_1_91' title='bbox 448 2945 482 3018; x_wconf 95' lang='lat' dir='ltr'>in</span> <span class='ocrx_word' id='word_1_92' title='bbox 510 2945 620 3044; x_wconf 82' lang='lat' dir='ltr'>elegia</span> <span class='ocrx_word' id='word_1_93' title='bbox 644 2943 795 3020; x_wconf 88' lang='lat' dir='ltr'>secunda</span> <span class='ocrx_word' id='word_1_94' title='bbox 817 2941 895 3016; x_wconf 90' lang='lat' dir='ltr'>libri</span> <span class='ocrx_word' id='word_1_95' title='bbox 918 2940 1060 3017; x_wconf 91' lang='lat' dir='ltr'>secundi</span> <span class='ocrx_word' id='word_1_96' title='bbox 1080 2963 1135 3014; x_wconf 90' lang='lat' dir='ltr'>me</span> 
     </span>
     <span class='ocr_line' id='line_1_18' title="bbox 145 3079 873 3180; baseline 0 -26"><span class='ocrx_word' id='word_1_97' title='bbox 145 3089 290 3156; x_wconf 82' lang='lat' dir='ltr'>moratae</span> <span class='ocrx_word' id='word_1_98' title='bbox 304 3080 384 3156; x_wconf 91' lang='lat' dir='ltr'>huic</span> <span class='ocrx_word' id='word_1_99' title='bbox 398 3079 644 3155; x_wconf 86' lang='lat' dir='ltr'>assimulationi</span> <span class='ocrx_word' id='word_1_100' title='bbox 666 3087 873 3180; x_wconf 82' lang='lat' dir='ltr'>repugnant.</span> 
     </span>
    </p>

    <p class='ocr_par' dir='ltr' id='par_1_7' title="bbox 145 3213 1187 3446">
     <span class='ocr_line' id='line_1_19' title="bbox 193 3213 1156 3314; baseline -0.004 -25"><span class='ocrx_word' id='word_1_101' title='bbox 193 3215 279 3303; x_wconf 87' lang='lat' dir='ltr'>Quae</span> <span class='ocrx_word' id='word_1_102' title='bbox 299 3215 403 3314; x_wconf 85' lang='lat' dir='ltr'>igitur</span> <span class='ocrx_word' id='word_1_103' title='bbox 427 3237 509 3290; x_wconf 87' lang='lat' dir='ltr'>vera</span> <span class='ocrx_word' id='word_1_104' title='bbox 528 3214 704 3313; x_wconf 75' lang='lat' dir='ltr'>Sulpicia?</span> <span class='ocrx_word' id='word_1_105' title='bbox 722 3216 790 3289; x_wconf 90' lang='lat' dir='ltr'>Nos</span> <span class='ocrx_word' id='word_1_106' title='bbox 809 3213 909 3290; x_wconf 86' lang='lat' dir='ltr'>docet</span> <span class='ocrx_word' id='word_1_107' title='bbox 926 3214 963 3288; x_wconf 90' lang='lat' dir='ltr'>S.</span> <span class='ocrx_word' id='word_1_108' title='bbox 981 3213 1156 3311; x_wconf 75' lang='lat' dir='ltr'>Hierony-</span> 
     </span>
     <span class='ocr_line' id='line_1_20' title="bbox 145 3345 1187 3446; baseline -0.006 -23"><span class='ocrx_word' id='word_1_109' title='bbox 145 3350 249 3424; x_wconf 71' lang='lat' dir='ltr'>mus⁴</span> <span class='ocrx_word' id='word_1_110' title='bbox 266 3350 453 3443; x_wconf 88' lang='lat' dir='ltr'>Valeriam,</span> <span class='ocrx_word' id='word_1_111' title='bbox 473 3350 625 3426; x_wconf 89' lang='lat' dir='ltr'>lllessulae</span> <span class='ocrx_word' id='word_1_112' title='bbox 641 3371 808 3439; x_wconf 92' lang='lat' dir='ltr'>sororem,</span> <span class='ocrx_word' id='word_1_113' title='bbox 831 3356 976 3446; x_wconf 92' lang='lat' dir='ltr'>nuptam</span> <span class='ocrx_word' id='word_1_114' title='bbox 995 3370 1067 3424; x_wconf 87' lang='lat' dir='ltr'>esse</span> <span class='ocrx_word' id='word_1_115' title='bbox 1084 3345 1156 3419; x_wconf 88' lang='lat' dir='ltr'>lilio</span> <span class='ocrx_word' id='word_1_116' title='bbox 1183 3347 1187 3360; x_wconf 83' lang='lat'><strong>‘</strong></span> 
     </span>
    </p>
   </div>
   <div class='ocr_carea' id='block_1_7' title="bbox 145 3624 1157 4146">
    <p class='ocr_par' dir='ltr' id='par_1_8' title="bbox 145 3624 1157 3970">
     <span class='ocr_line' id='line_1_21' title="bbox 181 3624 368 3685; baseline 0.005 -3"><span class='ocrx_word' id='word_1_117' title='bbox 181 3628 206 3682; x_wconf 86' lang='lat' dir='ltr'>l.</span> <span class='ocrx_word' id='word_1_118' title='bbox 228 3624 259 3683; x_wconf 89' lang='lat' dir='ltr'>V.</span> <span class='ocrx_word' id='word_1_119' title='bbox 273 3627 368 3685; x_wconf 85' lang='lat'><strong>35-36.</strong></span> 
     </span>
     <span class='ocr_line' id='line_1_22' title="bbox 149 3709 1157 3790; baseline 0 -18"><span class='ocrx_word' id='word_1_120' title='bbox 149 3767 153 3778; x_wconf 83' lang='lat'><strong>,</strong></span> <span class='ocrx_word' id='word_1_121' title='bbox 180 3715 207 3772; x_wconf 69' lang='lat' dir='ltr'>S.</span> <span class='ocrx_word' id='word_1_122' title='bbox 229 3716 266 3772; x_wconf 81' lang='lat' dir='ltr'>lle</span> <span class='ocrx_word' id='word_1_123' title='bbox 282 3715 409 3790; x_wconf 82' lang='lat' dir='ltr'>Sulpiciae</span> <span class='ocrx_word' id='word_1_124' title='bbox 424 3714 507 3773; x_wconf 84' lang='lat' dir='ltr'>satira</span> <span class='ocrx_word' id='word_1_125' title='bbox 526 3723 553 3772; x_wconf 87' lang='lat' dir='ltr'>et</span> <span class='ocrx_word' id='word_1_126' title='bbox 571 3712 691 3788; x_wconf 89' lang='lat' dir='ltr'>Sulpicia</span> <span class='ocrx_word' id='word_1_127' title='bbox 705 3712 823 3787; x_wconf 84' lang='lat' dir='ltr'>poetria,</span> <span class='ocrx_word' id='word_1_128' title='bbox 841 3713 895 3769; x_wconf 86' lang='lat' dir='ltr'>vid.</span> <span class='ocrx_word' id='word_1_129' title='bbox 918 3709 960 3770; x_wconf 89' lang='lat' dir='ltr'>W.</span> <span class='ocrx_word' id='word_1_130' title='bbox 974 3710 1088 3781; x_wconf 78' lang='lat' dir='ltr'>Teuffel,</span> <span class='ocrx_word' id='word_1_131' title='bbox 1107 3714 1157 3772; x_wconf 82' lang='lat' dir='ltr'>Ge·</span> 
     </span>
     <span class='ocr_line' id='line_1_23' title="bbox 145 3800 1157 3876; baseline -0.004 -14"><span class='ocrx_word' id='word_1_132' title='bbox 145 3805 273 3863; x_wconf 78' lang='lat' dir='ltr'>sobiolla</span> <span class='ocrx_word' id='word_1_133' title='bbox 298 3807 351 3863; x_wconf 86' lang='lat' dir='ltr'>dor</span> <span class='ocrx_word' id='word_1_134' title='bbox 377 3806 544 3864; x_wconf 81' lang='lat' dir='ltr'>ildmiscluac</span> <span class='ocrx_word' id='word_1_135' title='bbox 559 3806 721 3873; x_wconf 83' lang='lat' dir='ltr'>Litorulur,</span> <span class='ocrx_word' id='word_1_136' title='bbox 744 3802 805 3873; x_wconf 72' lang='lat'><strong>323,</strong></span> <span class='ocrx_word' id='word_1_137' title='bbox 822 3803 849 3872; x_wconf 83' lang='lat'>6,</span> <span class='ocrx_word' id='word_1_138' title='bbox 874 3803 901 3876; x_wconf 87' lang='lat' dir='ltr'>l,</span> <span class='ocrx_word' id='word_1_139' title='bbox 927 3800 1053 3860; x_wconf 83' lang='lat' dir='ltr'>translat.</span> <span class='ocrx_word' id='word_1_140' title='bbox 1079 3802 1157 3874; x_wconf 82' lang='lat' dir='ltr'>gall,</span> 
     </span>
     <span class='ocr_line' id='line_1_24' title="bbox 147 3895 341 3970; baseline 0.015 -20"><span class='ocrx_word' id='word_1_141' title='bbox 147 3895 217 3964; x_wconf 89' lang='lat' dir='ltr'>t.11,</span> <span class='ocrx_word' id='word_1_142' title='bbox 233 3913 261 3970; x_wconf 87' lang='lat' dir='ltr'>p.</span> <span class='ocrx_word' id='word_1_143' title='bbox 278 3895 341 3953; x_wconf 69' lang='lat'><strong>273.</strong></span> 
     </span>
    </p>

    <p class='ocr_par' dir='ltr' id='par_1_9' title="bbox 181 3985 385 4056">
     <span class='ocr_line' id='line_1_25' title="bbox 181 3985 385 4056; baseline 0.005 -15"><span class='ocrx_word' id='word_1_144' title='bbox 181 3985 208 4042; x_wconf 89' lang='lat'>3.</span> <span class='ocrx_word' id='word_1_145' title='bbox 230 3986 273 4056; x_wconf 90' lang='lat' dir='ltr'>lll,</span> <span class='ocrx_word' id='word_1_146' title='bbox 290 3985 385 4042; x_wconf 67' lang='lat'><strong>23-24.</strong></span> 
     </span>
    </p>

    <p class='ocr_par' dir='ltr' id='par_1_10' title="bbox 181 4075 515 4146">
     <span class='ocr_line' id='line_1_26' title="bbox 181 4075 515 4146; baseline 0.018 -18"><span class='ocrx_word' id='word_1_147' title='bbox 181 4075 208 4131; x_wconf 83' lang='lat' dir='ltr'>t.</span> <span class='ocrx_word' id='word_1_148' title='bbox 229 4076 302 4133; x_wconf 86' lang='lat' dir='ltr'>Ado.</span> <span class='ocrx_word' id='word_1_149' title='bbox 314 4078 423 4146; x_wconf 73' lang='lat' dir='ltr'>lucio,</span> <span class='ocrx_word' id='word_1_150' title='bbox 437 4075 458 4146; x_wconf 93' lang='lat' dir='ltr'>l,</span> <span class='ocrx_word' id='word_1_151' title='bbox 470 4077 515 4134; x_wconf 78' lang='lat' dir='ltr'>to.</span> 
     </span>
    </p>
   </div>
   <div class='ocr_carea' id='block_1_8' title="bbox 257 4203 417 4244">
    <p class='ocr_par' dir='ltr' id='par_1_11' title="bbox 257 4203 417 4244">
     <span class='ocr_line' id='line_1_27' title="bbox 257 4203 417 4244; baseline 0.006 -3"><span class='ocrx_word' id='word_1_152' title='bbox 257 4203 417 4244; x_wconf 72' lang='lat' dir='ltr'>tinnulum.</span> 
     </span>
    </p>
   </div>
   <div class='ocr_carea' id='block_1_9' title="bbox 0 0 1536 5090">
    <p class='ocr_par' dir='ltr' id='par_1_12' title="bbox 0 0 1536 5090">
     <span class='ocr_line' id='line_1_28' title="bbox 0 0 1536 5090; baseline 0 0"><span class='ocrx_word' id='word_1_153' title='bbox 0 0 1536 5090; x_wconf 95' lang='lat' dir='ltr'> </span> 
     </span>
    </p>
   </div>
  </div>
 </body>
</html>
