3044 5090
795 611 972 684 ..aq-

337 783 340 791 ’
453 783 491 847 At
503 781 578 846 mihi
592 782 664 866 quid
679 784 774 864 prosit
785 781 907 864 morbos
922 785 1069 862 evincere,
1084 801 1151 848 oum
1165 791 1197 847 tn

494 881 602 944 Nostra
613 889 696 964 potes
711 882 790 945 lento
803 882 1015 964 pectore'terre
1031 881 1145 945 mala¹t
1231 970 1236 978 .

422 1039 587 1111 Amorem
612 1034 737 1111 deiude
761 1035 908 1110 vidimus
936 1058 1072 1133 semper
1099 1035 1295 1127 ardentem,
1323 1038 1382 1113 sed

373 1170 527 1268 quietum
543 1178 578 1245 et
591 1169 778 1267 expletum.
799 1169 923 1245 Fidum
939 1178 973 1246 et
991 1170 1179 1278 obnoxium
1198 1171 1382 1247 Cerinthus

371 1327 406 1381 se
419 1303 583 1403 praebuit3
598 1305 712 1402 puella
725 1304 829 1404 igitur
843 1304 916 1380 sine
930 1302 1126 1381 offensionis
1140 1305 1263 1380 timore
1281 1328 1381 1381 enou-

371 1449 466 1515 satur
484 1438 576 1538 quod
602 1462 696 1540 aegra
723 1448 897 1517 amantem
922 1439 1035 1539 priore
1055 1449 1155 1516 nnete
1179 1463 1249 1516 non
1274 1463 1380 1517 exee-

371 1576 458 1673 perit
480 1602 489 1651 ε

451 1747 493 1810 Ne
504 1745 559 1809 tibi
572 1746 640 1824 sim,
656 1763 722 1808 mea
734 1745 795 1822 lux,
812 1762 896 1826 eaque
907 1745 969 1826 jam
986 1745 1099 1808 fervida
1115 1764 1199 1824 eura,

493 1845 536 1908 Ac
550 1845 654 1910 videor
668 1861 780 1927 paucos
795 1851 864 1905 ante
878 1843 970 1906 fuisse
985 1844 1061 1922 dies,

451 1940 483 2005 si
497 1943 659 2025 quidquam
676 1949 735 2005 tota
750 1941 885 2005 commisi
899 1941 987 2004 stulte
995 1943 1128 2023 juventa,

489 2039 580 2122 Cujus
595 2059 643 2103 me
656 2041 752 2104 fatear
766 2041 942 2123 poenituisse
955 2041 1059 2120 magio,

450 2139 595 2204 Hesterna
607 2159 696 2222 qnam
710 2148 738 2202 te
755 2139 851 2202 solnm
866 2139 943 2222 quod
957 2147 1043 2202 noete
1058 2139 1165 2220 reliqui

488 2237 637 2302 Ardorem
653 2240 777 2320 cupiens
792 2237 982 2301 dissimulare
999 2237 1126 2300 meum'.

416 2407 489 2484 Tali
510 2409 613 2503 medo
632 2417 785 2485 amorem
805 2432 887 2485 saue
902 2409 995 2484 haud
1016 2410 1191 2507 vulgarem
1211 2419 1247 2487 et
1261 2435 1379 2487 sensus

368 2543 535 2643 ingenuos
559 2542 762 2622 ardensiile
786 2553 821 2619 et
846 2567 926 2620 aoer
946 2544 1082 2619 unimus
1102 2545 1278 2644 patefecit.
1304 2549 1377 2622 Non

368 2679 475 2753 multa
498 2677 637 2777 quidem
677 2688 756 2754 sunt
787 2680 959 2767 earmina,
991 2679 1048 2755 sed
1087 2689 1251 2778 quantam
1281 2682 1378 2758 nobis

366 2811 477 2889 lueem
510 2813 666 2911 praebent
694 2812 738 2888 ad
767 2813 1021 2914 cognoscendos
1055 2816 1114 2913 qui
1144 2823 1228 2890 tuno
1259 2817 1377 2892 Romae

367 2945 526 3045 vigebant
546 2970 658 3023 mores
685 2958 719 3023 et
736 2948 903 3025 muliebre
927 2949 1101 3049 ingenium
1119 2951 1252 3049 penitus
1274 2952 1377 3026 intro-

365 3079 599 3177 spiciendumt
629 3083 749 3180 quanti
777 3082 876 3181 pretii
901 3085 969 3159 tale
995 3084 1258 3177 documentum,
1288 3086 1375 3162 felici

366 3212 518 3312 quodum
535 3212 684 3291 fortuma
703 3238 783 3292 casu
801 3216 899 3292 nobis
922 3224 1116 3294 servatum!
1143 3221 1259 3296 Poetae
1282 3222 1374 3296 enim

366 3356 399 3424 et
415 3348 620 3447 philosophi,
643 3359 936 3451 quantaecumque
961 3353 1245 3449 suntdaoultates
1263 3365 1298 3431 et
1322 3378 1375 3430 ars

366 3481 402 3556 in
424 3481 627 3583 detegendis
642 3483 786 3560 hnmani
808 3486 915 3560 animi
938 3487 1089 3579 latebris,
1112 3490 1237 3587 saepius
1252 3490 1375 3588 ampli—

365 3615 501 3693 ficando
520 3625 555 3694 et
568 3619 737 3712 ornanda,
759 3643 828 3718 qno
844 3622 953 3720 magis
972 3622 1144 3722 legentem
1164 3631 1325 3699 moveant
1342 3631 1375 3699 et

365 3747 418 3824 sui
433 3749 695 3829 admirationem
710 3753 874 3845 efficiant,
889 3777 943 3830 res
955 3754 1163 3832 adulterant.
1181 3758 1245 3833 Hie
1256 3766 1374 3833 eontra

365 3895 420 3948 ars
448 3875 550 3972 plane
580 3877 676 3953 abest
704 3885 739 3955 et
771 3880 949 3957 sententiae
983 3881 1056 3957 sine
1084 3881 1164 3958 tuen
1192 3884 1310 3982 quales
1335 3905 1375 3958 ex

401 4078 426 4133 r.
447 4077 490 4148 u,
509 4081 551 4135 u.

401 4167 427 4222 a.
448 4165 493 4234 iv,
509 4167 552 4224 n.
