3044 5090
552 567 730 638 47-

134 736 1145 839 animomtlatom¹,qu0djamameauouvi,necopinanttt,

134 871 177 944 de
186 893 240 944 me
248 870 446 969 permittet&
456 896 678 972 meueorporo
687 872 712 968 ⁴,
721 884 788 951 eto.
803 875 1150 974 Praetereahujusce-

136 1004 229 1080 modi
244 1005 400 1081 earmina
414 1006 613 1083 brevissima
627 1017 720 1084 sunt.
738 1009 812 1084 Non
827 1010 921 1086 euim
937 1018 1017 1086 anta
1030 1010 1148 1086 oeulos

135 1147 273 1237 poetam
288 1140 457 1217 habemus
474 1165 593 1218 sensus
608 1141 750 1219 fictitios
762 1144 880 1243 quieto
900 1144 1017 1220 auimo
1031 1147 1149 1244 expri-

136 1283 302 1366 mentem,
323 1276 382 1352 sed
401 1276 579 1354 mulierem
595 1277 791 1354 vehementi
811 1278 936 1355 ardore
950 1279 1151 1356 inflamma-

136 1411 343 1508 tamouique
356 1411 467 1513 magis
478 1435 572 1488 eorm
587 1422 637 1490 est
653 1422 689 1487 ut
707 1439 725 1488 u
742 1412 874 1489 calores
889 1439 908 1486 a
925 1414 1150 1512 exprimendo

137 1545 294 1619 animum
317 1547 446 1622 soletur
466 1570 571 1646 quam
597 1555 633 1622 ut
656 1547 923 1623 admirationem
953 1547 1089 1646 ingenio
1117 1559 1150 1625 et

135 1687 210 1755 arte
258 1688 406 1756 moveat.
450 1683 540 1756 Inest
577 1681 683 1781 igitur
716 1683 769 1756 his
804 1682 959 1758 versibus
987 1682 1152 1758 mirabilis

136 1812 298 1911 quaedam
325 1814 468 1892 affectus
502 1816 702 1908 sinceritas;
734 1816 851 1890 insunt
883 1837 1020 1915 quoque
1056 1817 1152 1892 rudis

137 1927 280 2045 poetria
311 1949 391 2024 vitia
423 1958 457 2026 et
494 1951 703 2052 negligentia
719 1951 732 1993 ⁵
741 1977 751 2040 ;
793 1974 861 2026 nou
899 1958 1015 2026 tamen
1051 1952 1151 2049 plane

138 2081 243 2175 rudis,
266 2105 348 2159 uam
366 2083 524 2160 Tibullus
546 2114 564 2152 «
581 2085 746 2160 doctam»
769 2084 863 2158 illam
880 2083 1064 2183 appellat⁶‚
1087 2107 1151 2160 nee

137 2215 194 2290 tali
218 2215 315 2292 tituto
339 2217 517 2318 indiguam
543 2243 579 2295 se
605 2219 748 2317 praebet.

175 2422 200 2477 1.
222 2419 267 2492 IV,
283 2422 310 2492 9,
327 2425 340 2479 t
357 2442 364 2480 ε

282 2535 333 2584 Seis
348 2537 397 2585 iter
410 2549 441 2586 ex
452 2530 534 2586 animo
543 2534 672 2586 subortum
686 2534 756 2587 triste
765 2535 865 2599 puella.

173 2643 363 2716 ZOEQM

315 2759 360 2820 Qui
369 2761 530 2826 necopinantr'
541 2773 607 2811 uuna
619 2759 662 2810 tibi
674 2760 737 2811 torte
750 2758 825 2809 venit.

174 2872 201 2932 3.
223 2870 321 2942 lV‚t0,
336 2873 409 2929 1-2:
456 2923 458 2932 ,

281 2985 381 3034 Gratum
392 2987 439 3044 est,
453 2997 554 3034 securus
565 2985 670 3034 multum
685 2984 749 3046 quod
761 2981 813 3045 jam
822 2981 868 3033 tibi
881 2981 913 3034 de
927 2995 967 3033 me

315 3057 457 3118 Permitto,
471 3055 595 3108 subitone
608 3057 674 3106 male
687 3055 771 3119 inepta
784 3055 880 3106 eadam.

174 3170 201 3224 a.
223 3167 267 3238 rv,
284 3169 328 3237 tt,
345 3169 386 3224 u:

281 3281 350 3340 Quod
362 3294 417 3329 meu
432 3293 497 3330 nunc
510 3284 583 3329 vexat
594 3293 701 3345 corporo
713 3279 779 3329 sessa
791 3279 867 3331 color.

174 3402 203 3458 5.
221 3397 252 3456 ln
265 3399 484 3475 protectionibus
497 3417 566 3474 quas
578 3416 662 3474 supra
671 3399 830 3467 memoravi,
840 3399 980 3472 professor
994 3397 1026 3455 E.
1043 3397 1153 3457 Beooist

139 3489 281 3564 aptissime
305 3491 333 3546 in
358 3489 485 3565 Sulpiciae
510 3506 604 3546 versus
622 3488 780 3545 conferebat
795 3488 957 3545 sententiam
969 3488 1040 3546 bene
1059 3495 1152 3544 notam
1249 3556 1252 3564 Ι

139 3577 226 3636 nostri
249 3579 286 3636 La
300 3577 421 3652 Bruyere
436 3599 442 3635 :
459 3599 472 3635 ‹
489 3578 517 3635 Si
532 3578 572 3634 les
595 3578 710 3634 femmas
730 3577 834 3634 etaient
852 3576 978 3650 toujours
1004 3584 1150 3648 correcteS,

136 3668 264 3742 j'oserois
279 3668 339 3724 dire
350 3686 403 3743 que
412 3669 451 3725 les
461 3669 557 3725 lettres
565 3666 599 3723 da
612 3666 828 3741 quelques-unes
842 3665 1021 3722 d’entreelles
1032 3667 1153 3722 seroient

139 3761 275 3831 peut-erre
290 3774 321 3812 ce
337 3774 390 3831 que
404 3774 474 3814 nous
493 3773 576 3813 avons
598 3755 665 3812 dans
681 3765 761 3812 notre
776 3754 875 3829 langue
887 3755 921 3810 de
935 3754 1025 3811 mieux
1041 3754 1120 3836 ecrit.
1136 3772 1150 3809 ›

139 3848 206 3918 (Des
216 3862 356 3918 ouvrooes
367 3848 400 3906 de
413 3848 532 3921 texerit,
546 3847 629 3918 §3t.)

176 3937 202 3994 6.
224 3936 267 4006 lV,
281 3937 308 4005 6,
324 3935 341 3990 2
357 3955 362 3991 :

318 4067 409 4118 Natalis
422 4068 485 4117 tuno
499 4071 596 4117 sanctos
605 4079 666 4129 cape
679 4064 740 4116 turis
749 4077 850 4116 acervos

354 4140 419 4199 Quos
433 4139 477 4189 tibi
490 4139 532 4188 dat
543 4143 628 4189 tenera
637 4137 709 4188 doctu
721 4137 807 4202 puella
820 4149 905 4187 manu.
