3044 5090
525 1169 735 1258 CAPUT
761 1171 838 1259 III

170 1528 206 1571 nu
238 1527 352 1571 nunnus
376 1527 445 1571 sunu
471 1527 507 1571 nn
536 1526 646 1572 nusum
678 1529 771 1579 usnun
803 1529 839 1573 nn
870 1530 1052 1574 nunnucmnu
1079 1531 1183 1582 nusum

204 1625 286 1669 uem.
307 1644 343 1652 -
362 1626 426 1676 uum
445 1626 577 1682 meusne,
598 1627 662 1676 uum
685 1626 820 1672 sumucnu
842 1628 1013 1673 nnieuunnn.
1029 1648 1065 1656 -
1082 1630 1182 1674 cumu-

205 1724 287 1768 uuus
303 1741 339 1752 -
352 1723 478 1768 sumnum
487 1715 508 1767 ¹.

217 2080 405 2154 Veniamus
436 2079 479 2156 ud
508 2079 663 2155 earmina
690 2080 771 2155 inde
798 2081 842 2155 eb
868 2081 976 2156 altem
1006 2105 1113 2180 nsque
1140 2081 1181 2156 nd

168 2213 413 2289 duodecimum
462 2215 496 2288 in
541 2214 668 2313 quibus
710 2213 753 2289 de
800 2214 963 2312 Sulpicius
1006 2214 1183 2289 umoribus

168 2349 295 2448 agitur.
320 2349 357 2423 ln
382 2349 503 2425 eudem
534 2349 680 2423 materie
705 2356 860 2424 versatur
888 2348 999 2447 elegia
1031 2349 1184 2424 seeunde

167 2481 311 2558 seeundi
326 2482 404 2557 libri
423 2491 457 2558 et
470 2483 547 2559 iden
567 2483 649 2558 huic
666 2484 781 2581 quarti
795 2483 874 2557 libri
890 2483 989 2559 seriei
1004 2483 1184 2583 jungenda

166 2641 241 2693 esse
261 2617 407 2694 videtur.
429 2621 467 2692 ln
484 2617 654 2716 prioribus
673 2641 799 2693 nomen
818 2618 1012 2693 invenimus
1029 2618 1183 2694 Cerinthi

168 2752 348 2851 cujusdam
378 2777 483 2852 quem
507 2755 661 2853 Sulpicia
693 2752 825 2852 perdite
848 2761 964 2840 amau
1000 2753 1076 2827 been
1104 2775 1185 2828 vern

167 2888 311 2962 Cornuti
324 2888 415 2987 apud
425 2889 507 2964 elios
515 2889 661 2984 codices,
680 2888 834 2964 Cerinthi
853 2886 942 2984 apud
957 2887 1040 2961 alins
1057 2908 1183 2961 nomen

170 3022 310 3119 praehet,
331 3045 482 3122 eumque
504 3046 661 3099 emerem
678 3023 720 3098 de
735 3046 804 3122 qne
820 3022 934 3121 agitur
955 3021 1025 3096 veti
1041 3043 1185 3119 compo-

168 3164 237 3233 tem
258 3157 425 3249 ostendat,
443 3158 604 3234 eumdem
625 3181 696 3234 esse
718 3158 910 3232 Cornutum
928 3165 962 3232 et
981 3155 1183 3231 Cerinthum

168 3313 237 3365 nos·
251 3303 379 3382 monet,
397 3292 525 3366 seilicet
543 3293 736 3367 Cornutum
759 3313 885 3366 nemen
904 3313 1039 3376 nerum,
1057 3289 1186 3365 Cerin-

102 3507 104 3515 ,
168 3423 698 3502 thumvemfintumeteGreeeis
714 3425 897 3499 adscitum.
911 3425 988 3512 Quo
1001 3420 1183 3498 mendacio

166 3559 398 3658 suspicionem
418 3570 569 3635 emotum
587 3559 628 3634 iri
649 3566 805 3633 umentes
821 3555 1016 3654 sperabam.

218 3693 415 3792 Inspieienti
432 3693 573 3770 cuilibet
596 3693 672 3770 haec
692 3692 860 3783 earmina,
879 3689 966 3764 duas
991 3688 1107 3780 inillis
1133 3712 1186 3764 se·

206 3929 232 3984 1.
254 3927 291 3985 cf.
312 3928 468 4002 praesertim
488 3927 531 3984 W.
543 3926 656 3996 Teuffel,
675 3926 798 3985 Studien
812 3924 875 3982 und
896 3924 1049 3992 Charaki„
1069 3940 1096 3997 p.
1120 3921 1188 3980 360-

167 4017 231 4088 365,
248 4025 276 4075 et
291 4017 319 4075 G.
336 4016 384 4075 (ih.
405 4017 526 4092 Kneppe‚
551 4018 591 4076 De
615 4017 721 4075 rennui
742 4016 810 4074 libri
828 4015 925 4090 quarti
945 4015 1038 4088 eleniis
1059 4013 1126 4071 inde
1147 4012 1183 4070 ab

168 4108 264 4165 ultera
279 4123 368 4180 usque
387 4108 425 4165 ud
442 4108 639 4166 duodecimam
658 4107 827 4180 disputatio,
849 4103 1025 4172 nudersiadt,
1043 4101 1122 4162 1880.
1144 4100 1183 4157 De

167 4195 260 4253 verbis
276 4205 303 4254 et
318 4204 377 4254 arte
392 4197 506 4254 metrica
519 4196 632 4256 uberius
644 4195 783 4274 Knappius
799 4195 876 4255 dicu.
958 4235 962 4242 -
