3044 5090
368 1258 610 1349 curor
649 1263 910 1355 Primum

151 1581 242 1626 PAUCA
257 1583 293 1625 DE
311 1583 422 1627 TIBULLl
444 1583 514 1627 VITA·
526 1604 562 1611 -
573 1584 706 1634 QUOMODO
722 1586 787 1630 stus
804 1587 929 1632 cunutus
947 1590 1029 1633 zolro
1047 1591 1163 1636 SINT.-

187 1680 249 1730 QUAE
276 1681 458 1725 moereamus
482 1683 546 1726 stus
577 1683 680 1727 Pteros
704 1685 800 1728 suumn
829 1686 902 1742 slus,
929 1687 990 1737 QUAE
1009 1689 1101 1732 busim
1120 1691 1163 1733 Vl·

187 1778 330 1858 obduruit.
350 1799 386 1807 -
408 1779 533 1824 trussell
562 1783 595 1825 El*
619 1782 685 1825 mus
712 1783 814 1828 COETUS.
841 1804 877 1811 -
902 1785 939 1828 DE
959 1785 1065 1836 oolnrl
1089 1788 1163 1831 Lloul

186 1878 333 1921 Pluribus.
441 1902 445 1908 ·

198 2197 393 2292 Antequam
409 2193 523 2292 quarti
538 2193 614 2267 libri
626 2194 895 2293 recognitionem
905 2196 1161 2296 aggrediamur,

151 2327 310 2429 pauoode
320 2327 445 2402 Tibulli
458 2327 527 2401 vito
539 2326 707 2402 disserere
717 2350 854 2403 necesso
866 2331 1164 2429 est,utexquircre

150 2464 320 2565 possimus
342 2461 518 2560 quomodo
546 2470 650 2558 poeto
668 2462 824 2538 carmina
842 2461 1046 2555 condiderit,
1072 2487 1162 2564 quo-

150 2597 253 2674 modo
270 2597 305 2672 in
321 2597 434 2672 lucem
453 2595 645 2694 protulerit.

195 2732 275 2808 lties
293 2731 385 2806 intro
405 2753 492 2829 quos
509 2729 585 2828 ejus
598 2729 669 2803 vita
688 2729 826 2805 tluxcrit
844 2730 938 2807 baud
958 2730 1057 2807 laoilc
1071 2731 1161 2807 defi-

148 2866 301 2941 niuntur.
319 2866 369 2941 De
386 2864 508 2940 ultimo
521 2863 684 2940 certiores
696 2886 759 2939 nos
767 2863 901 2939 fuciunt
909 2865 1049 2940 Domitii
1060 2866 1160 2940 Marsi

147 3000 332 3098 versusqui
349 3000 383 3073 in
399 2998 511 3075 fronto
527 2998 841 3096 manuscriptorum
854 2999 1026 3097 praepositi
1044 3000 1159 3088 sunt¹,

228 3215 269 3278 Te
282 3231 402 3297 quoque
414 3211 538 3294 Virgilio
553 3213 692 3275 comitem
707 3232 768 3274 non
782 3231 878 3295 aequa,
897 3212 1025 3293 Tibulle,

267 3313 346 3376 llors
357 3312 500 3392 juvenem
516 3330 637 3394 campos
654 3310 735 3374 misit
749 3311 787 3374 ad
802 3310 928 3393 Elysios,

230 3410 273 3474 Ne
290 3411 367 3473 soret
382 3417 433 3473 aut
444 3408 538 3490 elegis
548 3407 654 3471 molles
668 3409 719 3491 qui
733 3409 818 3472 lleret
832 3427 949 3472 amores

267 3508 329 3572 Aut
342 3515 463 3572 caneret
476 3507 547 3571 lorti
560 3507 643 3587 rogia
656 3506 735 3570 bella
749 3507 835 3589 podo.

197 3714 362 3816 Virgilius
396 3715 483 3792 obiit
515 3739 550 3791 xr
584 3723 665 3790 onte
698 3712 859 3789 colendos
896 3710 1053 3788 octobres
1077 3699 1163 3790 Ι735

146 3874 182 3948 p.
196 3851 352 3942 u.o.,19
367 3851 499 3926 o.C.n.
513 3878 521 3934 ;
540 3848 715 3925 Tibullum
731 3871 815 3948 ergo
827 3856 1004 3925 mortuum
1020 3871 1093 3924 esse
1107 3850 1161 3926 vel

184 4090 208 4144 l.
230 4087 386 4147 Verisimile
401 4097 444 4147 est
457 4087 519 4148 illos
529 4105 625 4147 versus
639 4088 668 4146 in
680 4086 763 4157 libro,
776 4103 849 4144 nunc
860 4087 972 4158 amisso,
987 4085 1111 4146 Suetonii
1120 4089 1163 4147 Dc

148 4179 243 4238 Poetis
257 4177 378 4238 insertos
390 4177 486 4236 fuisse.
