3044 5090
565 623 744 691 ..Μ-

192 797 279 871 Cum
314 793 454 868 Messala
468 793 601 892 legatus
633 793 667 866 iu
695 791 826 884 Asiam,
857 793 990 870 circiter
1004 819 1037 868 a.
1062 797 1146 889 732,

142 927 317 1028 proiectus
332 937 396 1017 est,
409 928 520 1026 primo
539 927 696 1002 Tibullus
715 950 751 1002 se
770 927 923 1004 amicum
947 937 1155 1008 secuturum

142 1086 215 1140 esse
230 1061 389 1160 negavit:

224 1268 264 1331 Te
278 1267 390 1332 bellare
405 1268 491 1331 decet
503 1275 594 1346 terra,
611 1267 748 1347 Messala,
767 1267 902 1351 marique

264 1367 302 1432 Ut
313 1365 418 1428 domus
433 1365 558 1428 hostiles
573 1366 709 1448 praeierat
720 1367 852 1430 exuvias.

224 1465 269 1528 lle
283 1465 413 1527 retinent
427 1463 559 1527 vinctum
576 1464 713 1528 formosae
727 1464 824 1528 vincla
837 1466 975 1547 puellael.

192 1682 291 1759 Brevi
318 1692 449 1774 tamen,
470 1683 613 1758 consilio
636 1692 781 1775 mutato,
808 1683 852 1760 ad
875 1707 956 1760 eum
981 1685 1157 1783 proiectus

143 1827 207 1909 est,
231 1816 303 1907 sed,
325 1816 446 1893 morbo
469 1817 504 1892 in
524 1818 645 1895 itinere
671 1841 865 1918 oppressus,
885 1822 1045 1920 Corcyrae
1061 1843 1157 1895 com·

144 1953 272 2028 morari
303 1962 445 2027 coactus
474 1960 542 2046 est,
579 1953 638 2027 ubi
673 1954 946 2052 pulcherrimam
990 1955 1082 2030 illam
1120 1962 1156 2030 et

143 2086 370 2162 tristissimam
386 2086 488 2184 primi
505 2087 585 2161 libri
601 2087 739 2164 tertiam
757 2087 904 2188 elegiam
916 2088 1079 2186 scripsit:

226 2329 311 2393 Ibitis
322 2331 435 2410 AEgaeas
457 2331 523 2392 sine
540 2349 599 2410 me,
618 2329 755 2408 Messala,
769 2348 822 2411 per
835 2329 943 2408 undas,

264 2429 287 2493 0
302 2429 417 2492 utinam
433 2447 583 2491 memores
599 2429 663 2510 ipse
677 2428 842 2509 cohorsque
856 2428 914 2489 mei
933 2448 940 2489 :

225 2530 272 2593 Me
287 2536 369 2591 tenet
381 2525 488 2608 ignotis
504 2545 617 2605 agrurn
634 2527 767 2590 Phaeacia
785 2527 894 2590 terris:

263 2626 420 2690 Abstineas
435 2625 548 2705 avidaS,
564 2625 653 2704 llors,
669 2644 786 2708 precor,
802 2633 865 2688 atra
878 2627 1016 2689 manuel.

193 2857 340 2930 Romam
357 2855 461 2954 igitur
477 2877 631 2930 reversus
649 2861 713 2944 cst,
733 2875 796 2929 nec
812 2861 927 2940 tamen
951 2873 1157 2949 supremam

144 2989 235 3065 diem
256 2989 411 3066 breviore
427 2996 501 3086 post
516 2988 665 3064 reditum
680 2997 836 3087 tempore
851 2987 953 3081 obiit3
970 2994 1039 3061 tres
1055 2985 1150 3062 euim

143 3123 246 3200 etiam
264 3146 373 3200 anuos
396 3147 491 3215 eum,
513 3131 551 3199 ut
569 3123 732 3215 diximus
750 3123 873 3198 vixisse
893 3119 1076 3197 verisimile
1096 3127 1148 3196 est

145 3266 391 3357 mortuumque
406 3258 542 3334 circiter
557 3281 591 3333 a.
609 3258 692 3334 735.
706 3258 848 3335 Ovidius
862 3256 1056 3332 amicorum
1071 3278 1155 3352 que·

143 3393 233 3468 relas
251 3400 288 3468 et
307 3391 512 3468 desiderium
528 3392 692 3490 expressit
705 3390 731 3465 ³.

190 3528 410 3626 Praecipuum
428 3528 581 3602 studium
608 3526 814 3624 impendisse
833 3532 866 3600 et
885 3547 1027 3600 omnem
1048 3522 1155 3599 vitam

144 3663 180 3736 in
197 3684 315 3737 amore
328 3662 508 3738 sentiendo
523 3669 557 3738 et
570 3659 727 3736 canendo
738 3659 988 3764 consumpsisse
1002 3657 1156 3733 Tibullus
1182 3664 1192 3686 ⁶

180 3960 206 4014 1.
226 3957 318 4014 53-55.

178 4047 204 4103 t.
226 4046 247 4116 l,
271 4048 299 4115 3,
313 4047 371 4104 1-5.

178 4135 204 4197 3.
225 4136 355 4206 Amores,
369 4137 418 4207 111,
432 4137 458 4198 9,
