3044 5090
572 630 750 702 ..65-

146 803 250 878 thum
275 800 523 892 insectabatun3
554 809 656 898 poeta
677 824 759 877 vern
784 802 900 876 subtili
920 799 964 878 et‘
980 802 1166 902 diligenter

146 945 344 1036 temperata
370 959 476 1012 manu
502 935 625 1012 vitium
649 935 732 1011 illud
755 942 880 1012 tractat
913 936 1007 1035 qued
1038 937 1164 1036 puellae

149 1072 294 1148 insitum
310 1070 415 1147 inisse
429 1069 588 1147 videtur:

234 1313 314 1378 Pone
327 1319 452 1392 metum,
466 1312 607 1378 Cerinthe
622 1332 630 1375 ε
645 1313 720 1376 deus
733 1332 793 1376 non
806 1313 887 1378 ledit
899 1320 1044 1376 amantes.

278 1413 323 1476 Tu
336 1413 426 1474 modo
440 1430 561 1492 semper
574 1429 647 1475 cunc
658 1431 668 1474 .·
678 1411 759 1475 salva
771 1412 870 1494 puella
885 1411 938 1474 tihi
953 1418 1008 1474 est.

236 1509 283 1572 Nil
298 1529 376 1591 epus
391 1517 436 1572 est
449 1509 520 1572 fletu
538 1530 546 1572 ε
563 1499 694 1572 iacnimis
706 1509 764 1572 erit
776 1509 871 1592 aptius
884 1510 939 1586 uti,

276 1606 733 1694 Siquandufuerittristiorilla
748 1607 831 1674 tihi¹.
875 1665 878 1670 .
901 1683 905 1692 ¹
949 1661 998 1678 ..,

204 1831 352 1907 Carmen
367 1831 409 1908 de
425 1831 529 1907 natali
544 1831 599 1907 die
616 1831 786 1922 Cerinthi‚
803 1830 896 1930 quod
911 1811 1077 1929 sequitur,
1093 1853 1170 1906 nna-

156 1965 211 2065 gis
233 1973 338 2064 atque
361 1966 473 2064 magis
496 1965 675 2041 ardentem
703 1988 859 2041 amorem
887 1965 1052 2063 Sulpiciae
1069 1964 1171 2063 ipsius

156 2099 327 2198 loquentis
342 2099 510 2176 ostendit:

238 2342 296 2416 Qui
310 2342 383 2404 mihi
399 2348 439 2419 te,
456 2339 608 2419 Cerintho,
625 2339 690 2403 dies
705 2339 800 2417 dedit,
813 2339 862 2401 hic
875 2338 948 2400 mihi
964 2346 1083 2408 sanctus

276 2441 373 2522 Atque
389 2439 467 2501 inter
479 2439 570 2502 festos
580 2456 701 2519 semper
709 2435 863 2500 habendus
879 2437 947 2500 crit.

238 2538 278 2601 Te
294 2545 435 2601 nascente
450 2556 560 2600 novum
576 2538 678 2601 Parcae
692 2535 829 2600 cecinere
842 2536 951 2619 puellis

279 2635 438 2700 Servitium
453 2644 481 2699 et
496 2635 643 2699 dederunt
657 2653 749 2716 regna
763 2633 893 2718 superba
904 2632 969 2698 tihi.

240 2735 316 2799 Uror
329 2755 383 2816 ego
398 2742 465 2798 ante
480 2734 554 2796 alias
565 2733 666 2814 :juvat
676 2732 746 2811 hoc,
756 2731 997 2814 Cerinthe,quod
1010 2749 1093 2812 uror,

280 2833 311 2898 Si
327 2832 380 2896 tibi
396 2833 433 2896 de
446 2832 533 2895 nobis
548 2839 668 2894 mutuus
684 2829 761 2909 ignis
776 2829 869 2892 adest.

240 2931 360 3004 Mutuus
375 2931 452 2995 adsit
466 2949 560 3009 amor,
578 2949 631 3012 per
646 2937 674 2992 te
690 2927 865 2991 dulcissima
879 2928 959 2992 furta
1055 3001 1057 3005 ⁸
1127 2925 1131 2934 '

280 3029 395 3112 Perque
410 3038 477 3093 tuns
493 3029 595 3092 oculos
609 3047 663 3111 per
673 3027 863 3108 Geniumque
877 3026 976 3109 regei.

212 3238 302 3313 Sunt
319 3217 434 3312 adhuc
447 3235 621 3335 quaedam,
641 3233 809 3334 exquisite
825 3234 931 3326 dicta,
953 3258 1033 3333 quae
1051 3235 1175 3333 pueltee

161 3353 367 3482 innaginem,
383 3369 477 3469 quud
498 3369 542 3444 ad
560 3367 715 3444 invidum
733 3368 890 3442 animum
910 3369 1045 3462 attinet,
1068 3369 1173 3468 perfi-

161 3504 280 3584 ciunt:
1086 3519 1090 3524 '

245 3736 349 3818 Magne
364 3733 451 3814 Geni,
468 3751 540 3817 cape
554 3741 622 3796 tuna
635 3731 732 3795 libens
746 3731 879 3812 votisque
895 3736 990 3808 aveto,
1006 3819 1007 3824 ἵ

287 3835 318 3900 si
333 3834 435 3912 modo,
448 3851 516 3895 cunt
531 3832 568 3894 de
583 3849 631 3892 me
650 3827 769 3908 cogitat,
786 3828 837 3890 ille
850 3826 937 3891 calet.

207 4088 231 4142 t.
252 4084 296 4152 IV,
312 4085 340 4153 t,
354 4085 398 4151 15,
416 4100 456 4157 sq.

204 4173 231 4229 2.
256 4172 301 4241 lV,
315 4173 342 4243 5,
358 4174 385 4240 t,
400 4189 442 4245 sq.

293 4272 452 4311 Lunneuunn.
