3044 5090
563 641 618 668 .„
641 615 751 684 n·-

147 799 279 890 quanto
299 790 420 866 dutcre
441 790 474 863 in
495 787 663 888 perfidam
687 809 850 864 aecensus
875 795 975 877 esset,
996 786 1056 884 qui
1077 786 1164 883 lepi-

148 917 298 992 dissimis
312 915 466 992 versibus
482 923 519 990 ut
532 923 685 992 maneret
697 923 790 991 uasta
807 912 1036 1011 precabatur
1151 961 1155 968 -

232 1145 279 1224 At,
293 1151 337 1223 tu,
355 1151 446 1223 casta,
461 1163 578 1226 precor,
590 1162 713 1207 maneas
725 1164 733 1206 ε
746 1144 901 1226 sanctique
916 1139 1040 1226 pudoris

272 1241 412 1304 assideat
426 1250 526 1304 custos
539 1241 644 1304 sedula
656 1259 776 1324 semper
790 1260 877 1303 anus,

232 1339 302 1402 Haec
315 1338 370 1402 tibi
383 1339 507 1402 tabellas
520 1340 629 1402 reserat
643 1340 799 1421 positaque
811 1341 935 1403 lucerna

272 1437 404 1500 Deducat
413 1425 501 1520 plena
516 1438 643 1501 stamina
657 1439 746 1518 longa
758 1437 845 1516 colu3

233 1534 272 1598 At
286 1535 365 1599 circa
379 1535 518 1617 gravibus
531 1537 633 1620 pensis
648 1537 736 1600 affixa
751 1536 849 1618 puella

275 1633 423 1696 Paulatim
438 1653 542 1698 somno
558 1635 637 1697 sessa
652 1635 788 1714 remittet
797 1652 884 1716 opus.

235 1732 442 1796 Tumveniam
458 1733 570 1812 subito,
584 1752 639 1796 nec
650 1733 809 1816 quisquam
825 1730 941 1795 nuntiet
955 1737 1036 1810 ante,

277 1830 335 1895 Sed
348 1831 450 1894 videar
465 1832 537 1904 caelo
551 1831 660 1895 missus
673 1832 780 1895 adesse
795 1830 861 1894 tibi.

236 1929 318 1991 Tunc
331 1929 417 2008 mihi,
431 1931 529 2012 qualis
540 1931 612 2010 eris,
629 1932 733 2010 longos
750 1930 866 1992 turbata
881 1929 1017 2012 capillos,

277 2026 369 2090 Obvia
385 2028 507 2107 nudato,
522 2028 618 2108 Delia,
636 2047 724 2092 curre
739 2027 827 2110 pede.
845 2044 847 2048 ’

237 2126 301 2189 Hoc
315 2125 431 2208 precor,
446 2127 526 2189 hunc
539 2126 626 2188 illum
639 2126 725 2189 nobis
739 2128 855 2189 Aurora
867 2125 1012 2190 nitentem

278 2224 446 2288 Luciferum
462 2224 556 2288 ruseis
569 2226 696 2288 candida
709 2231 807 2307 portet
819 2225 903 2307 equis
912 2225 934 2286 ¹.

178 2488 180 2492 ·
207 2453 446 2545 Pulcherrima
460 2462 576 2530 tamen
592 2478 670 2552 quae
689 2453 732 2531 de
744 2455 889 2554 Glycera
905 2452 1078 2530 eredimus
1097 2475 1174 2528 cer-

158 2587 256 2662 mina
273 2595 366 2679 sunt,
379 2596 425 2678 et,
440 2589 597 2686 quamvis
607 2588 1007 2686 citissimeinterrupturn
1017 2609 1170 2662 umorem

158 2729 340 2813 testentur,
360 2746 441 2798 cum
458 2722 747 2820 prestantissimis
765 2731 875 2822 poetae
888 2721 1008 2820 elegiis
1021 2720 1173 2797 conferri

158 2864 313 2955 possunt.
338 2856 438 2932 Prior
466 2856 576 2957 elegia
594 2857 625 2930 vi
654 2857 827 2955 praecipuo
844 2866 879 2933 et
897 2855 1022 2932 ardore
1048 2855 1176 2931 eximio

159 2989 289 3067 eminet
298 3018 307 3081 ;
341 2989 504 3090 quodque
531 2990 678 3066 verbum
710 2990 822 3082 facile,
846 3014 940 3082 aare,
963 3014 1083 3067 verum
1107 2998 1173 3082 est,

161 3125 307 3224 quisquc
323 3147 439 3200 versus
448 3126 600 3224 priorem
614 3133 728 3225 eugen
749 3126 795 3200 nil
810 3125 978 3202 redundat
992 3125 1178 3224 omniaque

163 3259 206 3334 ad
234 3257 396 3364 effectum
429 3259 535 3334 tutius
559 3259 723 3334 carminis
740 3261 927 3359 pertinent.
947 3262 984 3333 ln
1008 3282 1049 3336 ea
1073 3259 1179 3356 spirat

165 3392 278 3469 flebile
294 3392 409 3469 nescio
425 3393 552 3491 quidet
564 3394 668 3469 mette
683 3416 750 3492 quu
764 3394 908 3492 legentis
921 3393 1057 3468 animus
1075 3393 1179 3468 vehe-

167 3535 302 3604 menter
318 3536 556 3603 cummcvetur
570 3537 604 3604 et
627 3528 749 3603 merito
768 3526 976 3604 Teuffelius²
997 3527 1125 3601 nullam
1144 3527 1177 3601 in

166 3660 507 3736 omniliomanorum
518 3661 738 3760 poesiparem
749 3684 835 3752 esse,
851 3660 989 3735 ineaad
1001 3683 1178 3734 summum
1244 3670 1249 3690 '

168 3795 365 3893 pervenisse
383 3794 603 3870 tibultianum
634 3794 813 3894 ingenium
824 3795 971 3897 judicat.
996 3796 1037 3872 In
1061 3804 1179 3895 puste-

209 4081 234 4134 t.
255 4077 276 4143 1,
290 4079 317 4148 3,
331 4077 365 4136 83
381 4096 442 4153 sqq.

207 4166 233 4222 t.
254 4167 385 4238 Studien,
403 4185 429 4242 p.
446 4169 508 4229 370.
