3044 5090
778 584 956 654 ..60-

369 775 449 828 nem
470 754 575 852 possit
596 753 793 846 admittere,
815 756 948 830 cultum
970 779 1041 856 quo
1055 756 1206 834 educate
1221 765 1277 833 est
1296 767 1390 834 tem·

367 887 529 987 purisque
565 910 680 965 mores
713 888 869 988 proferre
907 891 1021 967 liccat.
1058 893 1251 991 Nunquam
1287 917 1394 969 amor

368 1021 604 1099 fervidioribus
628 1024 742 1099 verbis
767 1047 829 1100 usa
854 1033 917 1115 est,
946 1026 1080 1102 minore
1104 1027 1325 1102 verecundia
1355 1051 1392 1103 se

369 1156 507 1250 velavit,
523 1159 650 1258 gaudia
668 1167 703 1235 et
728 1160 919 1258 voluptates
938 1158 1091 1258 professa
1116 1170 1181 1236 est.
1211 1161 1392 1237 Testimo-

370 1292 467 1366 nium
486 1293 696 1370 onteomnia
709 1303 760 1370 est
777 1295 862 1370 iliud
887 1317 1043 1384 carmen,
1067 1295 1275 1372 mirandum
1291 1306 1388 1373 certe

367 1434 452 1503 restu
469 1427 640 1527 cupidinis
653 1437 688 1504 et
701 1429 811 1528 culpae
825 1429 1008 1530 superbia:

468 1644 600 1708 Tandem
617 1643 697 1708 venit
711 1663 816 1708 amor:
833 1644 952 1728 qualem
965 1645 1073 1708 texisse
1086 1644 1198 1726 pudori

507 1745 602 1819 Quam
617 1743 747 1807 nudasse
761 1744 850 1808 alicui
867 1743 904 1806 sit
917 1743 990 1806 mihi
1006 1744 1085 1805 fama
1100 1745 1207 1826 magis.

469 1844 595 1906 Exorata
609 1843 685 1906 meis
701 1843 785 1905 illum
801 1843 946 1925 Cytherea
959 1842 1095 1906 Camenis

509 1940 615 2003 Attulit
628 1942 659 2004 in
673 1949 807 2004 nostrum
823 1942 1022 2022 deposuitque
1037 1941 1147 2004 sinum.

469 2037 600 2102 Exsolvit
616 2039 761 2121 promisse
772 2039 873 2102 Venus
890 2059 897 2100 :
914 2058 980 2101 mea
992 2039 1100 2118 gaudia
1114 2047 1230 2116 narret,

509 2137 631 2202 Dicetur
645 2138 670 2200 si
686 2139 754 2219 quis
770 2157 830 2200 non
843 2137 985 2200 habuisse
1000 2155 1063 2200 sua.

468 2237 533 2301 Non
546 2255 600 2318 ego
613 2237 740 2318 signatis
753 2237 916 2320 quidquam
932 2237 1075 2300 mandare
1090 2236 1219 2316 tabellis,

509 2336 551 2399 Ne
571 2337 652 2416 legat
666 2337 696 2399 id
712 2355 800 2399 nemo
816 2355 905 2418 quam
921 2343 1095 2415 meusante,
1109 2335 1210 2412 velim,

472 2436 530 2500 Sed
547 2454 683 2514 peccasse
696 2437 791 2518 juvat,
807 2435 906 2496 vultus
922 2453 1100 2516 componere
1115 2434 1201 2496 famae

512 2533 634 2596 Taedet:
653 2552 718 2596 eum
735 2533 825 2613 digno
842 2535 930 2614 digna
941 2533 1035 2596 fuisse
1050 2532 1157 2596 serar¹.

420 2757 537 2834 Nullos
561 2763 622 2832 aut
653 2755 746 2854 apud
779 2756 937 2854 antiquos
968 2767 1030 2832 aut
1055 2756 1146 2855 apud
1174 2759 1386 2832 recentiores

376 2917 490 2969 versus
510 2893 668 2970 novimus
691 2891 818 2990 quibus
836 2888 1000 2966 fervidior
1015 2900 1049 2967 et
1062 2892 1173 2967 acrior
1198 2891 1327 2989 cupido
1342 2893 1385 2967 sit

373 3027 537 3102 exhibita.
562 3031 641 3104 Post
662 3028 802 3128 longam
821 3026 1108 3125 expectationem,
1133 3026 1262 3123 puella,
1279 3049 1384 3124 supe-

373 3163 456 3239 ratis
470 3162 650 3262 objicibus
670 3164 737 3239 voti
751 3186 891 3263 compos
910 3188 982 3262 pree
1000 3160 1126 3260 gaudio
1140 3160 1244 3234 veluti
1258 3158 1355 3236 furit.

421 3297 460 3372 ln
480 3297 636 3396 sequenti
648 3299 816 3390 cornuue,
828 3297 1103 3386 octavoscilicct‚
1121 3293 1272 3370 invisum
1285 3304 1383 3371 nata·

372 3433 440 3508 lem
464 3432 666 3519 detestatur,

816 3576 871 3650 Qui
887 3593 957 3638 rure
971 3576 1094 3638 molesto

534 3677 569 3740 Et
584 3677 650 3740 siue
662 3674 803 3741 Cerintho
818 3675 914 3738 tristis
930 3675 1064 3754 agendus
1076 3674 1160 3736 erit².

374 3857 459 3956 Ejus
481 3857 638 3931 oninium
654 3857 703 3933 vei
721 3856 865 3932 minima
881 3877 978 3932 mora
991 3854 1130 3945 efferat3
1155 3855 1182 3928 si
1203 3855 1286 3954 quid
1308 3877 1379 3929 eam

412 4076 437 4130 1.
458 4074 502 4143 ru,
518 4074 543 4129 7.

412 4165 438 4231 e,
459 4163 502 4241 ιν,
515 4165 542 4234 s,
557 4163 612 4227 1-2.
