3044 5090
568 659 746 728 -23-

143 830 279 904 Tibullo
298 829 431 906 tribuit.
454 833 523 906 Nec
547 829 674 905 rnirunr
694 831 751 905 tali
774 832 876 909 modo
900 856 975 908 rem
996 857 1069 909 sese
1093 833 1157 909 ba-

146 964 275 1054 buisse,
298 987 378 1039 narn
402 964 495 1062 apud
513 966 734 1056 recentiores,
755 967 843 1040 sicut
863 967 955 1064 apud
982 967 1155 1067 antiquos,

146 1099 303 1174 nonnulli
331 1099 408 1173 libri
432 1106 566 1174 exstant
582 1099 684 1173 simili
714 1101 846 1176 ratione
878 1101 1030 1176 conllati.
1061 1103 1158 1191 Quo-

146 1257 226 1308 rum
242 1234 441 1332 exemplum
456 1242 590 1309 tantum
606 1233 782 1334 proferam
801 1236 979 1310 Catalectc
995 1237 1066 1329 illa,
1084 1239 1158 1336 qui·

144 1367 208 1442 bus
225 1368 356 1466 Virgilii
375 1390 515 1459 nornen,
533 1369 595 1445 etsi
614 1370 723 1444 multa
740 1368 881 1468 Virgilio
898 1370 1001 1468 plane
1015 1371 1153 1471 abjudi-

145 1502 270 1592 canda,
292 1501 490 1578 inscribitur
505 1506 526 1578 ¹.

193 1637 279 1726 Qum
301 1658 379 1712 mee
403 1637 573 1712 sententia
599 1637 734 1713 Tibullo
748 1636 931 1713 tribuenda
942 1637 1155 1731 viderentur,

144 1793 224 1867 qnae
262 1793 331 1846 non
368 1771 451 1845 dixi.
478 1772 579 1861 Quod
608 1771 652 1847 ad
676 1779 840 1871 quartum
866 1772 992 1847 librum
1022 1773 1155 1865 attinet,

145 1913 213 1980 tres
226 1904 262 1978 in
280 1927 321 1979 eo
335 1913 449 2002 partes
464 1906 615 1994 distinxi,
631 1906 758 1981 scilicet
775 1934 784 1981 ε

192 2039 229 2112 l⁰
254 2040 403 2114 Messalae
419 2041 664 2140 panegyricum

192 2175 229 2247 2⁰
254 2174 418 2249 Carmina
443 2173 486 2248 de
520 2174 682 2273 Sulpiciae
715 2183 748 2250 et
779 2175 935 2250 Cerintbi
964 2175 1153 2265 amoribus,

143 2331 291 2408 quornm
321 2331 400 2406 pars
425 2309 616 2408 nSnlpicia
642 2309 729 2409 ipse,
757 2332 836 2406 pars
852 2332 873 2383 a
892 2308 1028 2385 Tibullo
1050 2331 1155 2385 conr-

143 2443 252 2540 pcsita
263 2470 273 2532 ;

191 2578 228 2651 3ο
255 2577 418 2652 Carmina
436 2577 479 2653 de
503 2577 654 2676 quadarn
674 2577 898 2675 amicaque
920 2577 1065 2678 Glycera
1081 2579 1155 2656 sine

142 2710 248 2786 dubio
266 2710 344 2788 luit.

192 2847 275 2921 Tres
292 2846 363 2921 illas
377 2863 492 2944 partes
504 2869 547 2922 er
564 2846 686 2922 ordine
699 2867 957 2943 recognoscam.

179 3107 204 3161 l.
227 3104 360 3162 Similiter
375 3105 447 3180 apud
463 3122 513 3162 nos
529 3112 619 3162 actum
638 3111 690 3174 est,
706 3104 860 3180 presertim
876 3104 1031 3161 recentiore
1046 3104 1155 3161 saeeulo.

142 3196 263 3252 Fuerunt
271 3195 314 3251 his
324 3195 495 3269 temporibus
507 3203 596 3252 coetus
606 3203 633 3252 et
645 3194 750 3265 circuli,
758 3194 859 3269 quibus
869 3195 1021 3251 intererant
1032 3193 1073 3250 vel
1082 3195 1155 3252 docti

108 3322 111 3327 -
141 3283 184 3340 vel
200 3283 307 3341 nobiles
323 3283 365 3340 vel
389 3283 518 3341 cultiores
533 3283 600 3353 viri;
627 3284 728 3358 saepius
749 3283 799 3340 sub
819 3284 929 3340 nomine
949 3282 1029 3339 unius
1046 3301 1061 3339 e
1080 3293 1153 3340 coetu

141 3381 190 3430 aut
207 3374 258 3430 sub
275 3374 337 3430 licto
355 3373 473 3446 quodam
493 3373 571 3430 titulo
591 3382 729 3447 poemata,
743 3372 876 3441 historiae,
894 3380 957 3442 etc,
971 3372 998 3429 in
1014 3371 1154 3447 publicum

141 3461 302 3532 edebantur,
325 3462 426 3536 quibus
441 3461 519 3518 multi
541 3479 652 3518 manum
675 3462 866 3519 adhibuerant.
889 3461 1016 3518 Proferre
1037 3470 1079 3518 snt
1101 3462 1154 3518 erit

140 3551 338 3626 lepidissimam
359 3551 436 3608 illam
451 3551 608 3608 societatem
622 3551 723 3609 dictam
739 3551 848 3610 Socie'bi
864 3551 904 3608 dc
919 3551 1152 3620 Boot-dudum,

140 3641 186 3698 cui
200 3649 321 3716 praeerat
333 3641 515 3698 celeberrima
527 3640 618 3710 mima,
628 3660 641 3696 r
652 3641 704 3698 tl¹¹⁰
715 3639 855 3708 Quinault‚
867 3658 879 3694 r
890 3646 917 3695 ot
926 3655 988 3713 quae
999 3638 1155 3714 proterebat

141 3732 179 3789 lea
197 3719 339 3789 utronno
351 3732 386 3787 dc
400 3731 429 3788 la
443 3731 624 3799 scint-leco,
642 3732 667 3787 tc
685 3730 800 3787 Racueit
814 3729 848 3785 dc
860 3743 904 3786 aaa
917 3730 1077 3793 Measiecra,
1101 3738 1153 3787 etc.

141 3818 211 3884 Quin
233 3819 288 3875 imo
301 3820 352 3876 sub
371 3819 483 3876 nomine
502 3819 584 3876 unius
601 3827 711 3887 ecoetu,
727 3818 773 3874 ‹le
789 3825 876 3873 cornte
890 3815 924 3873 de
937 3817 1045 3892 duplus,
1057 3837 1069 3873 r
1080 3819 1165 3876 edita*

140 3917 203 3964 sunt
213 3908 349 3983 permulta
367 3910 489 3966 carmina
503 3918 529 3966 et
544 3909 685 3984 opuscula,
701 3909 739 3965 lea
750 3909 878 3966 OEaores
891 3907 1007 3967 dedicios
1017 3909 1051 3965 dc
1068 3910 1107 3969 M.
1129 3909 1154 3965 te

140 4001 230 4055 comte
242 3998 275 4055 dc
288 3999 393 4072 (luydas
403 3999 537 4071 (Parisiis,
550 3996 671 4066 trenta
681 3997 735 4055 vol.
746 3997 956 4072 in·8l‚'quorum
967 3996 1079 4054 minime
1087 4014 1153 4072 pars

141 4087 284 4160 supposito
300 4089 404 4145 auctori
422 4087 567 4145 tribuenda
582 4095 633 4144 est.

560 4247 733 4260 ...ι-
