<?xml version="1.0" encoding="UTF-8"?>
<!DOCTYPE html PUBLIC "-//W3C//DTD XHTML 1.0 Transitional//EN"
    "http://www.w3.org/TR/xhtml1/DTD/xhtml1-transitional.dtd">
<html xmlns="http://www.w3.org/1999/xhtml" xml:lang="en" lang="en">
 <head>
  <title>
</title>
<meta http-equiv="Content-Type" content="text/html;charset=utf-8" />
  <meta name='ocr-system' content='tesseract 3.04.00' />
  <meta name='ocr-capabilities' content='ocr_page ocr_carea ocr_par ocr_line ocrx_word'/>
</head>
<body>
  <div class='ocr_page' id='page_1' title='image "./dequartotibulli00larrgoog_0033.png"; bbox 0 0 3044 5090; ppageno 0'>
   <div class='ocr_carea' id='block_1_1' title="bbox 773 648 951 718">
    <p class='ocr_par' dir='ltr' id='par_1_1' title="bbox 773 648 951 718">
     <span class='ocr_line' id='line_1_1' title="bbox 773 648 951 718; baseline 0 -16"><span class='ocrx_word' id='word_1_1' title='bbox 773 648 951 718; x_wconf 72' lang='lat'>..14-</span> 
     </span>
    </p>
   </div>
   <div class='ocr_carea' id='block_1_2' title="bbox 347 805 1381 3757">
    <p class='ocr_par' dir='ltr' id='par_1_2' title="bbox 347 805 1377 2941">
     <span class='ocr_line' id='line_1_2' title="bbox 358 805 1373 917; baseline -0.008 -17"><span class='ocrx_word' id='word_1_2' title='bbox 358 826 391 900; x_wconf 94' lang='lat' dir='ltr'><strong>in</strong></span> <span class='ocrx_word' id='word_1_3' title='bbox 407 823 583 902; x_wconf 87' lang='lat' dir='ltr'><strong>sententiis</strong></span> <span class='ocrx_word' id='word_1_4' title='bbox 598 830 632 900; x_wconf 90' lang='lat' dir='ltr'><strong>et</strong></span> <span class='ocrx_word' id='word_1_5' title='bbox 647 823 681 897; x_wconf 95' lang='lat' dir='ltr'><strong>in</strong></span> <span class='ocrx_word' id='word_1_6' title='bbox 695 831 767 896; x_wconf 83' lang='lat' dir='ltr'><strong>arte</strong></span> <span class='ocrx_word' id='word_1_7' title='bbox 780 819 973 917; x_wconf 82' lang='lat' dir='ltr'><strong>explicandi</strong></span> <span class='ocrx_word' id='word_1_8' title='bbox 989 805 1185 917; x_wconf 79' lang='lat' dir='ltr'><strong>progressio</strong></span> <span class='ocrx_word' id='word_1_9' title='bbox 1197 817 1288 896; x_wconf 76' lang='lat' dir='ltr'><strong>iacta</strong></span> <span class='ocrx_word' id='word_1_10' title='bbox 1302 828 1373 894; x_wconf 91' lang='lat' dir='ltr'><strong>est.</strong></span> 
     </span>
     <span class='ocr_line' id='line_1_3' title="bbox 358 953 1377 1056; baseline -0.008 -23"><span class='ocrx_word' id='word_1_11' title='bbox 358 961 435 1034; x_wconf 87' lang='lat' dir='ltr'><strong>Jum</strong></span> <span class='ocrx_word' id='word_1_12' title='bbox 452 967 595 1056; x_wconf 88' lang='lat' dir='ltr'><strong>apparet</strong></span> <span class='ocrx_word' id='word_1_13' title='bbox 617 958 771 1031; x_wconf 92' lang='lat' dir='ltr'><strong>sincerus</strong></span> <span class='ocrx_word' id='word_1_14' title='bbox 795 963 830 1029; x_wconf 91' lang='lat' dir='ltr'><strong>et</strong></span> <span class='ocrx_word' id='word_1_15' title='bbox 848 953 1020 1052; x_wconf 79' lang='lat' dir='ltr'><strong>ingenuus</strong></span> <span class='ocrx_word' id='word_1_16' title='bbox 1036 953 1093 1027; x_wconf 86' lang='lat' dir='ltr'><strong>itte</strong></span> <span class='ocrx_word' id='word_1_17' title='bbox 1117 975 1216 1028; x_wconf 89' lang='lat' dir='ltr'><strong>amor</strong></span> <span class='ocrx_word' id='word_1_18' title='bbox 1232 953 1294 1050; x_wconf 87' lang='lat' dir='ltr'><strong>qui</strong></span> <span class='ocrx_word' id='word_1_19' title='bbox 1312 954 1377 1026; x_wconf 77' lang='lat' dir='ltr'><strong>Ti·</strong></span> 
     </span>
     <span class='ocr_line' id='line_1_4' title="bbox 359 1079 1372 1190; baseline -0.005 -23"><span class='ocrx_word' id='word_1_20' title='bbox 359 1094 451 1168; x_wconf 92' lang='lat' dir='ltr'><strong>bullo</strong></span> <span class='ocrx_word' id='word_1_21' title='bbox 476 1079 637 1190; x_wconf 83' lang='lat' dir='ltr'><strong>proprius</strong></span> <span class='ocrx_word' id='word_1_22' title='bbox 655 1097 689 1165; x_wconf 91' lang='lat' dir='ltr'><strong>ct</strong></span> <span class='ocrx_word' id='word_1_23' title='bbox 713 1089 897 1188; x_wconf 88' lang='lat' dir='ltr'><strong>peculiaris</strong></span> <span class='ocrx_word' id='word_1_24' title='bbox 922 1096 985 1180; x_wconf 88' lang='lat' dir='ltr'><strong>est,</strong></span> <span class='ocrx_word' id='word_1_25' title='bbox 1007 1097 1041 1163; x_wconf 90' lang='lat' dir='ltr'><strong>et</strong></span> <span class='ocrx_word' id='word_1_26' title='bbox 1065 1087 1138 1187; x_wconf 91' lang='lat' dir='ltr'><strong>qui,</strong></span> <span class='ocrx_word' id='word_1_27' title='bbox 1169 1089 1231 1163; x_wconf 92' lang='lat' dir='ltr'><strong>etsi</strong></span> <span class='ocrx_word' id='word_1_28' title='bbox 1256 1089 1307 1162; x_wconf 87' lang='lat' dir='ltr'><strong>his</strong></span> <span class='ocrx_word' id='word_1_29' title='bbox 1331 1090 1372 1162; x_wconf 93' lang='lat' dir='ltr'><strong>in</strong></span> 
     </span>
     <span class='ocr_line' id='line_1_5' title="bbox 357 1197 1372 1326; baseline -0.007 -22"><span class='ocrx_word' id='word_1_30' title='bbox 357 1227 573 1326; x_wconf 85' lang='lat' dir='ltr'><strong>poematibus</strong></span> <span class='ocrx_word' id='word_1_31' title='bbox 606 1248 626 1302; x_wconf 93' lang='lat' dir='ltr'><strong>e</strong></span> <span class='ocrx_word' id='word_1_32' title='bbox 664 1225 757 1301; x_wconf 83' lang='lat' dir='ltr'><strong>ioeda</strong></span> <span class='ocrx_word' id='word_1_33' title='bbox 785 1197 820 1300; x_wconf 85' lang='lat' dir='ltr'><strong>et</strong></span> <span class='ocrx_word' id='word_1_34' title='bbox 852 1221 1001 1301; x_wconf 78' lang='lat' dir='ltr'><strong>nefanda</strong></span> <span class='ocrx_word' id='word_1_35' title='bbox 1026 1221 1189 1320; x_wconf 91' lang='lat' dir='ltr'><strong>cupidine</strong></span> <span class='ocrx_word' id='word_1_36' title='bbox 1221 1224 1372 1315; x_wconf 88' lang='lat' dir='ltr'><strong>oriatur,</strong></span> 
     </span>
     <span class='ocr_line' id='line_1_6' title="bbox 358 1358 1375 1459; baseline -0.004 -23"><span class='ocrx_word' id='word_1_37' title='bbox 358 1363 471 1440; x_wconf 88' lang='lat' dir='ltr'><strong>flebile</strong></span> <span class='ocrx_word' id='word_1_38' title='bbox 486 1362 600 1438; x_wconf 91' lang='lat' dir='ltr'><strong>nescio</strong></span> <span class='ocrx_word' id='word_1_39' title='bbox 613 1360 696 1459; x_wconf 91' lang='lat' dir='ltr'><strong>quid</strong></span> <span class='ocrx_word' id='word_1_40' title='bbox 716 1369 750 1436; x_wconf 89' lang='lat' dir='ltr'><strong>et</strong></span> <span class='ocrx_word' id='word_1_41' title='bbox 765 1360 891 1436; x_wconf 88' lang='lat' dir='ltr'><strong>ardens</strong></span> <span class='ocrx_word' id='word_1_42' title='bbox 905 1369 940 1434; x_wconf 89' lang='lat' dir='ltr'><strong>et</strong></span> <span class='ocrx_word' id='word_1_43' title='bbox 951 1381 1055 1434; x_wconf 88' lang='lat' dir='ltr'><strong>snare</strong></span> <span class='ocrx_word' id='word_1_44' title='bbox 1070 1358 1178 1456; x_wconf 81' lang='lat' dir='ltr'><strong>spirat</strong></span> <span class='ocrx_word' id='word_1_45' title='bbox 1192 1382 1375 1458; x_wconf 80' lang='lat' dir='ltr'><strong>magnam-</strong></span> 
     </span>
     <span class='ocr_line' id='line_1_7' title="bbox 358 1493 1372 1597; baseline -0.006 -24"><span class='ocrx_word' id='word_1_46' title='bbox 358 1521 426 1597; x_wconf 91' lang='lat' dir='ltr'><strong>que</strong></span> <span class='ocrx_word' id='word_1_47' title='bbox 441 1497 695 1574; x_wconf 79' lang='lat' dir='ltr'><strong>miserationem</strong></span> <span class='ocrx_word' id='word_1_48' title='bbox 717 1502 841 1571; x_wconf 88' lang='lat' dir='ltr'><strong>movet.</strong></span> <span class='ocrx_word' id='word_1_49' title='bbox 859 1494 1023 1570; x_wconf 82' lang='lat' dir='ltr'><strong>Carmina</strong></span> <span class='ocrx_word' id='word_1_50' title='bbox 1041 1515 1122 1570; x_wconf 88' lang='lat' dir='ltr'><strong>vero</strong></span> <span class='ocrx_word' id='word_1_51' title='bbox 1142 1493 1185 1569; x_wconf 91' lang='lat' dir='ltr'><strong>de</strong></span> <span class='ocrx_word' id='word_1_52' title='bbox 1203 1493 1314 1581; x_wconf 82' lang='lat' dir='ltr'><strong>Delia,</strong></span> <span class='ocrx_word' id='word_1_53' title='bbox 1335 1494 1372 1567; x_wconf 94' lang='lat' dir='ltr'><strong>in</strong></span> 
     </span>
     <span class='ocr_line' id='line_1_8' title="bbox 347 1628 1373 1728; baseline -0.004 -22"><span class='ocrx_word' id='word_1_54' title='bbox 347 1655 469 1708; x_wconf 88' lang='lat' dir='ltr'><strong>unum</strong></span> <span class='ocrx_word' id='word_1_55' title='bbox 484 1640 615 1722; x_wconf 85' lang='lat' dir='ltr'><strong>coacta,</strong></span> <span class='ocrx_word' id='word_1_56' title='bbox 642 1653 818 1705; x_wconf 89' lang='lat' dir='ltr'><strong>summum</strong></span> <span class='ocrx_word' id='word_1_57' title='bbox 836 1640 974 1728; x_wconf 90' lang='lat' dir='ltr'><strong>poetam</strong></span> <span class='ocrx_word' id='word_1_58' title='bbox 999 1628 1169 1728; x_wconf 82' lang='lat' dir='ltr'><strong>hincjam</strong></span> <span class='ocrx_word' id='word_1_59' title='bbox 1195 1639 1373 1703; x_wconf 89' lang='lat' dir='ltr'><strong>maturum</strong></span> 
     </span>
     <span class='ocr_line' id='line_1_9' title="bbox 360 1763 1376 1864; baseline -0.005 -22"><span class='ocrx_word' id='word_1_60' title='bbox 360 1776 395 1843; x_wconf 89' lang='lat' dir='ltr'><strong>et</strong></span> <span class='ocrx_word' id='word_1_61' title='bbox 415 1765 540 1842; x_wconf 90' lang='lat' dir='ltr'><strong>suimet</strong></span> <span class='ocrx_word' id='word_1_62' title='bbox 568 1765 673 1864; x_wconf 93' lang='lat' dir='ltr'><strong>ipsius</strong></span> <span class='ocrx_word' id='word_1_63' title='bbox 695 1772 870 1862; x_wconf 88' lang='lat' dir='ltr'><strong>potentem</strong></span> <span class='ocrx_word' id='word_1_64' title='bbox 898 1773 1086 1853; x_wconf 88' lang='lat' dir='ltr'><strong>testantur;</strong></span> <span class='ocrx_word' id='word_1_65' title='bbox 1119 1763 1230 1838; x_wconf 87' lang='lat' dir='ltr'><strong>ursei</strong></span> <span class='ocrx_word' id='word_1_66' title='bbox 1260 1763 1376 1862; x_wconf 82' lang='lat' dir='ltr'><strong>major</strong></span> 
     </span>
     <span class='ocr_line' id='line_1_10' title="bbox 361 1898 1369 1999; baseline -0.006 -21"><span class='ocrx_word' id='word_1_67' title='bbox 361 1924 433 1978; x_wconf 85' lang='lat' dir='ltr'><strong>csse</strong></span> <span class='ocrx_word' id='word_1_68' title='bbox 453 1901 589 1997; x_wconf 89' lang='lat' dir='ltr'><strong>poterit,</strong></span> <span class='ocrx_word' id='word_1_69' title='bbox 613 1922 679 1974; x_wconf 92' lang='lat' dir='ltr'><strong>non</strong></span> <span class='ocrx_word' id='word_1_70' title='bbox 700 1900 811 1998; x_wconf 89' lang='lat' dir='ltr'><strong>majus</strong></span> <span class='ocrx_word' id='word_1_71' title='bbox 832 1898 1036 1999; x_wconf 76' lang='lat' dir='ltr'><strong>ingenium:</strong></span> <span class='ocrx_word' id='word_1_72' title='bbox 1058 1900 1207 1997; x_wconf 87' lang='lat' dir='ltr'><strong>impetus</strong></span> <span class='ocrx_word' id='word_1_73' title='bbox 1227 1900 1369 1989; x_wconf 89' lang='lat' dir='ltr'><strong>amoris,</strong></span> 
     </span>
     <span class='ocr_line' id='line_1_11' title="bbox 362 2033 1376 2133; baseline -0.001 -24"><span class='ocrx_word' id='word_1_74' title='bbox 362 2034 498 2111; x_wconf 86' lang='lat' dir='ltr'><strong>dicendi</strong></span> <span class='ocrx_word' id='word_1_75' title='bbox 515 2034 619 2121; x_wconf 87' lang='lat' dir='ltr'><strong>iaces,</strong></span> <span class='ocrx_word' id='word_1_76' title='bbox 639 2033 729 2109; x_wconf 86' lang='lat' dir='ltr'><strong>vices</strong></span> <span class='ocrx_word' id='word_1_77' title='bbox 750 2043 811 2108; x_wconf 83' lang='lat' dir='ltr'><strong>aut</strong></span> <span class='ocrx_word' id='word_1_78' title='bbox 828 2034 954 2108; x_wconf 91' lang='lat' dir='ltr'><strong>summi</strong></span> <span class='ocrx_word' id='word_1_79' title='bbox 974 2042 1009 2110; x_wconf 93' lang='lat' dir='ltr'><strong>et</strong></span> <span class='ocrx_word' id='word_1_80' title='bbox 1029 2033 1163 2109; x_wconf 90' lang='lat' dir='ltr'><strong>ovantis</strong></span> <span class='ocrx_word' id='word_1_81' title='bbox 1177 2033 1295 2133; x_wconf 81' lang='lat' dir='ltr'><strong>gandii</strong></span> <span class='ocrx_word' id='word_1_82' title='bbox 1313 2043 1376 2108; x_wconf 91' lang='lat' dir='ltr'><strong>aut</strong></span> 
     </span>
     <span class='ocr_line' id='line_1_12' title="bbox 361 2168 1373 2259; baseline 0 -15"><span class='ocrx_word' id='word_1_83' title='bbox 361 2168 517 2245; x_wconf 76' lang='lat' dir='ltr'><strong>demissae</strong></span> <span class='ocrx_word' id='word_1_84' title='bbox 541 2169 723 2259; x_wconf 70' lang='lat' dir='ltr'><strong>maestitia,</strong></span> <span class='ocrx_word' id='word_1_85' title='bbox 742 2168 889 2254; x_wconf 83' lang='lat' dir='ltr'><strong>tristitia,</strong></span> <span class='ocrx_word' id='word_1_86' title='bbox 916 2168 1164 2244; x_wconf 86' lang='lat' dir='ltr'><strong>sententiarum</strong></span> <span class='ocrx_word' id='word_1_87' title='bbox 1193 2177 1228 2245; x_wconf 88' lang='lat' dir='ltr'><strong>et</strong></span> <span class='ocrx_word' id='word_1_88' title='bbox 1250 2169 1373 2245; x_wconf 90' lang='lat' dir='ltr'><strong>verbo·</strong></span> 
     </span>
     <span class='ocr_line' id='line_1_13' title="bbox 364 2303 1375 2404; baseline -0.002 -25"><span class='ocrx_word' id='word_1_89' title='bbox 364 2328 442 2380; x_wconf 90' lang='lat' dir='ltr'><strong>rum</strong></span> <span class='ocrx_word' id='word_1_90' title='bbox 460 2306 569 2404; x_wconf 80' lang='lat' dir='ltr'><strong>tepor,</strong></span> <span class='ocrx_word' id='word_1_91' title='bbox 588 2304 756 2404; x_wconf 89' lang='lat' dir='ltr'><strong>quidquid</strong></span> <span class='ocrx_word' id='word_1_92' title='bbox 776 2303 809 2377; x_wconf 94' lang='lat' dir='ltr'><strong>in</strong></span> <span class='ocrx_word' id='word_1_93' title='bbox 834 2304 961 2380; x_wconf 88' lang='lat' dir='ltr'><strong>arctico</strong></span> <span class='ocrx_word' id='word_1_94' title='bbox 981 2315 1083 2403; x_wconf 89' lang='lat' dir='ltr'><strong>poeta</strong></span> <span class='ocrx_word' id='word_1_95' title='bbox 1108 2305 1375 2382; x_wconf 78' lang='lat' dir='ltr'><strong>admirationem</strong></span> 
     </span>
     <span class='ocr_line' id='line_1_14' title="bbox 364 2437 1376 2540; baseline 0.004 -26"><span class='ocrx_word' id='word_1_96' title='bbox 364 2462 503 2516; x_wconf 88' lang='lat' dir='ltr'><strong>movere</strong></span> <span class='ocrx_word' id='word_1_97' title='bbox 522 2447 637 2538; x_wconf 80' lang='lat' dir='ltr'><strong>queat,</strong></span> <span class='ocrx_word' id='word_1_98' title='bbox 655 2439 729 2538; x_wconf 87' lang='lat' dir='ltr'><strong>jam</strong></span> <span class='ocrx_word' id='word_1_99' title='bbox 746 2437 779 2512; x_wconf 92' lang='lat' dir='ltr'><strong>in</strong></span> <span class='ocrx_word' id='word_1_100' title='bbox 797 2438 851 2513; x_wconf 89' lang='lat' dir='ltr'><strong>his</strong></span> <span class='ocrx_word' id='word_1_101' title='bbox 866 2462 932 2516; x_wconf 91' lang='lat' dir='ltr'><strong>non</strong></span> <span class='ocrx_word' id='word_1_102' title='bbox 958 2439 1051 2516; x_wconf 85' lang='lat' dir='ltr'><strong>falsis</strong></span> <span class='ocrx_word' id='word_1_103' title='bbox 1068 2439 1225 2540; x_wconf 87' lang='lat' dir='ltr'><strong>fictisque</strong></span> <span class='ocrx_word' id='word_1_104' title='bbox 1244 2441 1302 2516; x_wconf 86' lang='lat' dir='ltr'><strong>sed</strong></span> <span class='ocrx_word' id='word_1_105' title='bbox 1318 2465 1376 2518; x_wconf 89' lang='lat' dir='ltr'><strong>re·</strong></span> 
     </span>
     <span class='ocr_line' id='line_1_15' title="bbox 365 2573 1376 2673; baseline 0.003 -24"><span class='ocrx_word' id='word_1_106' title='bbox 365 2577 410 2649; x_wconf 90' lang='lat' dir='ltr'><strong>ris</strong></span> <span class='ocrx_word' id='word_1_107' title='bbox 429 2575 594 2651; x_wconf 87' lang='lat' dir='ltr'><strong>eminent.</strong></span> <span class='ocrx_word' id='word_1_108' title='bbox 615 2574 717 2650; x_wconf 86' lang='lat' dir='ltr'><strong>Illum</strong></span> <span class='ocrx_word' id='word_1_109' title='bbox 732 2573 775 2649; x_wconf 92' lang='lat' dir='ltr'><strong>ab</strong></span> <span class='ocrx_word' id='word_1_110' title='bbox 795 2574 867 2672; x_wconf 92' lang='lat' dir='ltr'><strong>ipso</strong></span> <span class='ocrx_word' id='word_1_111' title='bbox 881 2585 983 2673; x_wconf 90' lang='lat' dir='ltr'><strong>poeta</strong></span> <span class='ocrx_word' id='word_1_112' title='bbox 1002 2576 1129 2652; x_wconf 87' lang='lat' dir='ltr'><strong>librum</strong></span> <span class='ocrx_word' id='word_1_113' title='bbox 1149 2575 1283 2654; x_wconf 88' lang='lat' dir='ltr'><strong>editum</strong></span> <span class='ocrx_word' id='word_1_114' title='bbox 1302 2601 1376 2652; x_wconf 89' lang='lat' dir='ltr'><strong>esse</strong></span> 
     </span>
     <span class='ocr_line' id='line_1_16' title="bbox 366 2709 1375 2809; baseline 0 -25"><span class='ocrx_word' id='word_1_115' title='bbox 366 2717 401 2784; x_wconf 90' lang='lat' dir='ltr'><strong>et</strong></span> <span class='ocrx_word' id='word_1_116' title='bbox 414 2709 531 2809; x_wconf 76' lang='lat' dir='ltr'><strong>gioria</strong></span> <span class='ocrx_word' id='word_1_117' title='bbox 546 2709 638 2807; x_wconf 89' lang='lat' dir='ltr'><strong>apud</strong></span> <span class='ocrx_word' id='word_1_118' title='bbox 656 2711 805 2808; x_wconf 78' lang='lat' dir='ltr'><strong>aquales</strong></span> <span class='ocrx_word' id='word_1_119' title='bbox 821 2733 887 2785; x_wconf 94' lang='lat' dir='ltr'><strong>non</strong></span> <span class='ocrx_word' id='word_1_120' title='bbox 907 2711 1016 2785; x_wconf 91' lang='lat' dir='ltr'><strong>solum</strong></span> <span class='ocrx_word' id='word_1_121' title='bbox 1044 2710 1179 2786; x_wconf 92' lang='lat' dir='ltr'><strong>initium</strong></span> <span class='ocrx_word' id='word_1_122' title='bbox 1196 2711 1254 2786; x_wconf 93' lang='lat' dir='ltr'><strong>sed</strong></span> <span class='ocrx_word' id='word_1_123' title='bbox 1271 2711 1375 2786; x_wconf 89' lang='lat' dir='ltr'><strong>etiarn</strong></span> 
     </span>
     <span class='ocr_line' id='line_1_17' title="bbox 365 2843 1128 2941; baseline 0.005 -23"><span class='ocrx_word' id='word_1_124' title='bbox 365 2843 463 2941; x_wconf 87' lang='lat' dir='ltr'><strong>quasi</strong></span> <span class='ocrx_word' id='word_1_125' title='bbox 476 2843 738 2921; x_wconf 81' lang='lat' dir='ltr'><strong>fundamentum</strong></span> <span class='ocrx_word' id='word_1_126' title='bbox 753 2844 855 2921; x_wconf 88' lang='lat' dir='ltr'><strong>inisse</strong></span> <span class='ocrx_word' id='word_1_127' title='bbox 868 2846 1051 2922; x_wconf 86' lang='lat' dir='ltr'><strong>verisimiie</strong></span> <span class='ocrx_word' id='word_1_128' title='bbox 1066 2855 1128 2923; x_wconf 83' lang='lat' dir='ltr'><strong>est.</strong></span> 
     </span>
    </p>

    <p class='ocr_par' dir='ltr' id='par_1_3' title="bbox 366 2977 1381 3757">
     <span class='ocr_line' id='line_1_18' title="bbox 415 2977 1377 3080; baseline 0.002 -28"><span class='ocrx_word' id='word_1_129' title='bbox 415 2977 581 3067; x_wconf 71' lang='lat' dir='ltr'><strong>Quadam</strong></span> <span class='ocrx_word' id='word_1_130' title='bbox 605 2978 797 3078; x_wconf 83' lang='lat' dir='ltr'><strong>imperfecti</strong></span> <span class='ocrx_word' id='word_1_131' title='bbox 827 2981 940 3078; x_wconf 90' lang='lat' dir='ltr'><strong>operis</strong></span> <span class='ocrx_word' id='word_1_132' title='bbox 965 2982 1063 3080; x_wconf 80' lang='lat' dir='ltr'><strong>sigua</strong></span> <span class='ocrx_word' id='word_1_133' title='bbox 1091 2981 1185 3057; x_wconf 87' lang='lat' dir='ltr'><strong>haud</strong></span> <span class='ocrx_word' id='word_1_134' title='bbox 1214 2983 1320 3058; x_wconf 88' lang='lat' dir='ltr'><strong>dubia</strong></span> <span class='ocrx_word' id='word_1_135' title='bbox 1343 2984 1377 3056; x_wconf 93' lang='lat' dir='ltr'><strong>in</strong></span> 
     </span>
     <span class='ocr_line' id='line_1_19' title="bbox 366 3111 1379 3224; baseline 0.007 -38"><span class='ocrx_word' id='word_1_136' title='bbox 366 3111 519 3187; x_wconf 88' lang='lat' dir='ltr'><strong>secundo</strong></span> <span class='ocrx_word' id='word_1_137' title='bbox 538 3111 625 3188; x_wconf 90' lang='lat' dir='ltr'><strong>libro</strong></span> <span class='ocrx_word' id='word_1_138' title='bbox 648 3124 848 3224; x_wconf 86' lang='lat' dir='ltr'><strong>occurrunt.</strong></span> <span class='ocrx_word' id='word_1_139' title='bbox 880 3116 951 3191; x_wconf 86' lang='lat' dir='ltr'><strong>Nou</strong></span> <span class='ocrx_word' id='word_1_140' title='bbox 972 3116 1065 3214; x_wconf 86' lang='lat' dir='ltr'><strong>quod</strong></span> <span class='ocrx_word' id='word_1_141' title='bbox 1093 3118 1211 3193; x_wconf 91' lang='lat' dir='ltr'><strong>multis</strong></span> <span class='ocrx_word' id='word_1_142' title='bbox 1235 3119 1269 3191; x_wconf 92' lang='lat' dir='ltr'><strong>in</strong></span> <span class='ocrx_word' id='word_1_143' title='bbox 1296 3143 1379 3217; x_wconf 90' lang='lat' dir='ltr'><strong>par-</strong></span> 
     </span>
     <span class='ocr_line' id='line_1_20' title="bbox 366 3245 1380 3352; baseline 0.01 -33"><span class='ocrx_word' id='word_1_144' title='bbox 366 3245 459 3320; x_wconf 91' lang='lat' dir='ltr'><strong>tibus</strong></span> <span class='ocrx_word' id='word_1_145' title='bbox 478 3248 660 3348; x_wconf 86' lang='lat' dir='ltr'><strong>arsmaj0r</strong></span> <span class='ocrx_word' id='word_1_146' title='bbox 678 3251 817 3343; x_wconf 84' lang='lat' dir='ltr'><strong>nonsit,</strong></span> <span class='ocrx_word' id='word_1_147' title='bbox 838 3250 896 3326; x_wconf 91' lang='lat' dir='ltr'><strong>scd</strong></span> <span class='ocrx_word' id='word_1_148' title='bbox 911 3262 1021 3350; x_wconf 87' lang='lat' dir='ltr'><strong>poetae</strong></span> <span class='ocrx_word' id='word_1_149' title='bbox 1040 3262 1235 3330; x_wconf 84' lang='lat' dir='ltr'><strong>extremum</strong></span> <span class='ocrx_word' id='word_1_150' title='bbox 1254 3276 1380 3352; x_wconf 79' lang='lat' dir='ltr'><strong>perpo</strong></span> 
     </span>
     <span class='ocr_line' id='line_1_21' title="bbox 374 3355 1379 3465; baseline 0.009 -12"><span class='ocrx_word' id='word_1_151' title='bbox 374 3379 493 3457; x_wconf 87' lang='lat' dir='ltr'><strong>liendis</strong></span> <span class='ocrx_word' id='word_1_152' title='bbox 508 3381 717 3459; x_wconf 84' lang='lat' dir='ltr'><strong>carminibus</strong></span> <span class='ocrx_word' id='word_1_153' title='bbox 735 3355 889 3461; x_wconf 77' lang='lat' dir='ltr'><strong>laborem</strong></span> <span class='ocrx_word' id='word_1_154' title='bbox 904 3385 1070 3464; x_wconf 89' lang='lat' dir='ltr'><strong>adhibere</strong></span> <span class='ocrx_word' id='word_1_155' title='bbox 1092 3411 1160 3464; x_wconf 93' lang='lat' dir='ltr'><strong>uon</strong></span> <span class='ocrx_word' id='word_1_156' title='bbox 1177 3410 1379 3465; x_wconf 89' lang='lat' dir='ltr'><strong>concessum</strong></span> 
     </span>
     <span class='ocr_line' id='line_1_22' title="bbox 371 3517 1381 3614; baseline 0.01 -24"><span class='ocrx_word' id='word_1_157' title='bbox 371 3523 434 3591; x_wconf 88' lang='lat' dir='ltr'><strong>est..</strong></span> <span class='ocrx_word' id='word_1_158' title='bbox 464 3517 574 3606; x_wconf 87' lang='lat' dir='ltr'><strong>Quem</strong></span> <span class='ocrx_word' id='word_1_159' title='bbox 594 3519 687 3593; x_wconf 90' lang='lat' dir='ltr'><strong>enim</strong></span> <span class='ocrx_word' id='word_1_160' title='bbox 703 3519 859 3611; x_wconf 47' lang='lat' dir='ltr'><strong>librums</strong></span> <span class='ocrx_word' id='word_1_161' title='bbox 874 3530 910 3596; x_wconf 93' lang='lat' dir='ltr'><strong>ut</strong></span> <span class='ocrx_word' id='word_1_162' title='bbox 938 3522 1086 3614; x_wconf 84' lang='lat' dir='ltr'><strong>ridetur,</strong></span> <span class='ocrx_word' id='word_1_163' title='bbox 1117 3526 1280 3602; x_wconf 89' lang='lat' dir='ltr'><strong>extremis</strong></span> <span class='ocrx_word' id='word_1_164' title='bbox 1303 3524 1381 3599; x_wconf 85' lang='lat' dir='ltr'><strong>vitae</strong></span> 
     </span>
     <span class='ocr_line' id='line_1_23' title="bbox 370 3652 1379 3757; baseline 0.012 -34"><span class='ocrx_word' id='word_1_165' title='bbox 370 3652 582 3750; x_wconf 88' lang='lat' dir='ltr'><strong>temporibus</strong></span> <span class='ocrx_word' id='word_1_166' title='bbox 610 3655 824 3752; x_wconf 83' lang='lat' dir='ltr'><strong>composuit,</strong></span> <span class='ocrx_word' id='word_1_167' title='bbox 869 3666 1011 3756; x_wconf 88' lang='lat' dir='ltr'><strong>excepto</strong></span> <span class='ocrx_word' id='word_1_168' title='bbox 1041 3659 1163 3757; x_wconf 88' lang='lat' dir='ltr'><strong>quinto</strong></span> <span class='ocrx_word' id='word_1_169' title='bbox 1197 3661 1379 3753; x_wconf 89' lang='lat' dir='ltr'><strong>carmine,</strong></span> 
     </span>
    </p>
   </div>
   <div class='ocr_carea' id='block_1_3' title="bbox 371 3775 1503 4022">
    <p class='ocr_par' dir='ltr' id='par_1_4' title="bbox 371 3775 1503 4022">
     <span class='ocr_line' id='line_1_24' title="bbox 372 3775 1503 3891; baseline 0.007 -34"><span class='ocrx_word' id='word_1_170' title='bbox 372 3783 479 3881; x_wconf 80' lang='lat' dir='ltr'><strong>quod,</strong></span> <span class='ocrx_word' id='word_1_171' title='bbox 507 3786 569 3860; x_wconf 92' lang='lat' dir='ltr'><strong>etsi</strong></span> <span class='ocrx_word' id='word_1_172' title='bbox 589 3787 644 3862; x_wconf 84' lang='lat' dir='ltr'><strong>atii</strong></span> <span class='ocrx_word' id='word_1_173' title='bbox 664 3789 802 3865; x_wconf 89' lang='lat' dir='ltr'><strong>cuidam</strong></span> <span class='ocrx_word' id='word_1_174' title='bbox 820 3792 916 3888; x_wconf 92' lang='lat' dir='ltr'><strong>operi</strong></span> <span class='ocrx_word' id='word_1_175' title='bbox 936 3793 1138 3881; x_wconf 80' lang='lat' dir='ltr'><strong>cohaereret,</strong></span> <span class='ocrx_word' id='word_1_176' title='bbox 1165 3793 1199 3866; x_wconf 90' lang='lat' dir='ltr'><strong>in</strong></span> <span class='ocrx_word' id='word_1_177' title='bbox 1217 3792 1383 3891; x_wconf 91' lang='lat' dir='ltr'><strong>hocopus</strong></span> <span class='ocrx_word' id='word_1_178' title='bbox 1502 3775 1503 3780; x_wconf 8' lang='grc' dir='ltr'><strong><em>Ν</em></strong></span> 
     </span>
     <span class='ocr_line' id='line_1_25' title="bbox 371 3921 1503 4022; baseline 0.005 -30"><span class='ocrx_word' id='word_1_179' title='bbox 371 3939 489 3992; x_wconf 86' lang='lat' dir='ltr'><strong>errore</strong></span> <span class='ocrx_word' id='word_1_180' title='bbox 513 3921 662 4017; x_wconf 86' lang='lat' dir='ltr'><strong>quodam</strong></span> <span class='ocrx_word' id='word_1_181' title='bbox 691 3923 923 4022; x_wconf 79' lang='lat' dir='ltr'><strong>colligentium</strong></span> <span class='ocrx_word' id='word_1_182' title='bbox 955 3926 1138 4002; x_wconf 82' lang='lat' dir='ltr'><strong>admissum</strong></span> <span class='ocrx_word' id='word_1_183' title='bbox 1167 3936 1228 4002; x_wconf 88' lang='lat' dir='ltr'><strong>est.</strong></span> <span class='ocrx_word' id='word_1_184' title='bbox 1258 3929 1384 4004; x_wconf 89' lang='lat' dir='ltr'><strong>Verisi-</strong></span> <span class='ocrx_word' id='word_1_185' title='bbox 1502 3953 1503 3970; x_wconf 56' lang='lat'>¹</span> 
     </span>
    </p>
   </div>
   <div class='ocr_carea' id='block_1_4' title="bbox 373 4051 1382 4295">
    <p class='ocr_par' dir='ltr' id='par_1_5' title="bbox 373 4051 1382 4295">
     <span class='ocr_line' id='line_1_26' title="bbox 373 4051 1382 4159; baseline 0.012 -35"><span class='ocrx_word' id='word_1_186' title='bbox 373 4051 453 4126; x_wconf 89' lang='lat' dir='ltr'><strong>mile</strong></span> <span class='ocrx_word' id='word_1_187' title='bbox 471 4062 520 4127; x_wconf 85' lang='lat' dir='ltr'><strong>cst</strong></span> <span class='ocrx_word' id='word_1_188' title='bbox 540 4053 664 4129; x_wconf 84' lang='lat' dir='ltr'><strong>librum</strong></span> <span class='ocrx_word' id='word_1_189' title='bbox 683 4056 779 4131; x_wconf 90' lang='lat' dir='ltr'><strong>illum</strong></span> <span class='ocrx_word' id='word_1_190' title='bbox 805 4081 870 4134; x_wconf 92' lang='lat' dir='ltr'><strong>nou</strong></span> <span class='ocrx_word' id='word_1_191' title='bbox 892 4060 936 4135; x_wconf 88' lang='lat' dir='ltr'><strong>ab</strong></span> <span class='ocrx_word' id='word_1_192' title='bbox 954 4062 1026 4159; x_wconf 90' lang='lat' dir='ltr'><strong>ipso</strong></span> <span class='ocrx_word' id='word_1_193' title='bbox 1040 4061 1176 4138; x_wconf 82' lang='lat' dir='ltr'><strong>Tibullo</strong></span> <span class='ocrx_word' id='word_1_194' title='bbox 1194 4061 1382 4137; x_wconf 85' lang='lat' dir='ltr'><strong>formatum</strong></span> 
     </span>
     <span class='ocr_line' id='line_1_27' title="bbox 374 4183 1244 4295; baseline 0.015 -38"><span class='ocrx_word' id='word_1_195' title='bbox 374 4192 407 4257; x_wconf 83' lang='lat' dir='ltr'><strong>et</strong></span> <span class='ocrx_word' id='word_1_196' title='bbox 427 4183 572 4279; x_wconf 88' lang='lat' dir='ltr'><strong>editum,</strong></span> <span class='ocrx_word' id='word_1_197' title='bbox 594 4188 651 4266; x_wconf 89' lang='lat' dir='ltr'><strong>sed</strong></span> <span class='ocrx_word' id='word_1_198' title='bbox 671 4190 715 4265; x_wconf 89' lang='lat' dir='ltr'><strong>ab</strong></span> <span class='ocrx_word' id='word_1_199' title='bbox 728 4191 848 4268; x_wconf 90' lang='lat' dir='ltr'><strong>amicis</strong></span> <span class='ocrx_word' id='word_1_200' title='bbox 864 4206 939 4291; x_wconf 90' lang='lat' dir='ltr'><strong>post</strong></span> <span class='ocrx_word' id='word_1_201' title='bbox 955 4205 1101 4273; x_wconf 89' lang='lat' dir='ltr'><strong>mortem</strong></span> <span class='ocrx_word' id='word_1_202' title='bbox 1120 4205 1244 4295; x_wconf 84' lang='lat' dir='ltr'><strong>poetae.</strong></span> 
     </span>
    </p>
   </div>
   <div class='ocr_carea' id='block_1_5' title="bbox 0 0 1537 5090">
    <p class='ocr_par' dir='ltr' id='par_1_6' title="bbox 0 0 1537 5090">
     <span class='ocr_line' id='line_1_28' title="bbox 0 0 1537 5090; baseline 0 0"><span class='ocrx_word' id='word_1_203' title='bbox 0 0 1537 5090; x_wconf 95' lang='lat' dir='ltr'><strong> </strong></span> 
     </span>
    </p>
   </div>
  </div>
 </body>
</html>
