3044 5090
583 663 763 734 ..39-

162 836 344 935 ingeuium
359 858 380 910 e
394 843 519 910 natura
537 843 758 933 aeceperunt.
777 835 923 910 Multum
939 843 1014 912 erte
1025 845 1059 911 et
1072 859 1178 912 exer-

159 970 324 1045 citatione
339 977 390 1046 est
406 970 556 1069 adjutus,
574 991 655 1044 nuru
679 970 710 1044 ei
732 970 866 1067 pnetien
884 970 1021 1045 metella
1041 993 1177 1047 summo

160 1105 232 1180 solo
247 1126 284 1178 se
299 1127 367 1178 nun
390 1103 600 1192 efferebant;
618 1103 694 1178 haee
712 1111 833 1178 eontra
851 1127 871 1179 e
891 1111 992 1180 terrun
1020 1107 1175 1180 cavernis

161 1227 395 1313 multnlebnre
409 1236 629 1313 excidebetet
642 1238 1006 1334 plurimeseurieeurn
1018 1239 1176 1314 iniurixte

158 1381 353 1471 supererat,
374 1371 640 1448 doueeeseusor
654 1372 784 1470 peritus
800 1371 972 1448 evaderet.

210 1507 376 1583 Graviora
389 1516 470 1581 sunt
487 1507 538 1582 uel
551 1507 586 1581 iu
599 1506 764 1582 carminis
775 1507 964 1598 sententiis,
981 1507 1031 1580 vel
1053 1507 1087 1580 in
1103 1530 1177 1583 ore·

159 1643 269 1732 tinne,
295 1642 348 1717 vel
373 1643 406 1715 iu
434 1651 507 1717 erte
539 1642 684 1716 metrice
702 1663 781 1739 quae
805 1640 970 1714 tibulliaui
989 1639 1116 1736 ingenii
1139 1650 1174 1717 et

158 1776 284 1852 indolis
294 1776 394 1876 signa
406 1800 479 1875 prae
495 1797 531 1852 se
549 1775 677 1851 ferunt,
694 1775 850 1852 Primum
865 1775 958 1850 enirn
974 1775 1008 1848 iu
1027 1775 1179 1850 versibus

159 1909 575 1986 161-17-161183-1871
595 1919 737 2009 apparet
754 1910 836 1986 illud
854 1911 933 1987 vitae
952 1912 1087 1986 rustieae
1104 1919 1177 1986 slu-

160 2046 257 2120 dium
287 2045 378 2143 quod
407 2046 442 2119 iu
470 2046 642 2143 plerisque
673 2045 797 2119 Tibulli
824 2045 941 2141 elegiis
956 2045 1172 2142 exprimitur.

159 2180 269 2254 Multa
280 2187 359 2253 sunt
370 2180 476 2254 etiem
487 2180 523 2253 in
539 2179 723 2255 verberum
738 2203 802 2253 usu
818 2178 1068 2270 similitudines,
1083 2203 1174 2277 quae,

158 2314 204 2387 ab
231 2337 293 2388 usu
314 2313 490 2388 cummuni
515 2312 721 2410 dicendique
747 2312 996 2387 consuetudine
1017 2321 1173 2401 remote,

157 2471 227 2524 nnn
248 2471 367 2523 nusum
383 2447 443 2525 sed
460 2447 614 2546 ejusdem
630 2455 743 2544 poetue
763 2469 905 2522 rnenurn
928 2444 1131 2521 denuntient
1146 2446 1177 2521 2,

195 2674 221 2728 l.
238 2671 354 2730 let-tlt
371 2689 377 2727 :

335 2792 388 2841 lton
406 2791 482 2856 igitur
499 2805 583 2855 presso
600 2791 673 2840 tellus
686 2790 796 2855 exsurgit
812 2795 903 2852 aratro,

336 2864 386 2912 ltee
401 2863 498 2930 frugem
511 2865 608 2927 segetes
621 2863 732 2926 prebent
751 2877 797 2912 nee
815 2863 904 2926 pabula
921 2867 995 2914 terres
1014 2877 1021 2914 :

336 2936 387 2986 lieu
400 2934 451 2986 illie
466 2934 523 2984 enlit
542 2949 600 2984 arun
612 2937 681 2993 deus,
696 2934 834 2984 Bacchusue
849 2934 961 2994 Ceresue,
980 2967 989 2976 -

335 3006 407 3056 ltulla
426 3020 472 3055 nee
490 3010 589 3056 exustas
604 3007 714 3055 habiant
731 3005 845 3055 enimulie
864 3011 955 3069 parles.

338 3077 432 3127 Fertilis
447 3080 512 3127 haue
525 3077 590 3126 inter
603 3079 681 3139 posita
691 3082 728 3125 est
743 3078 856 3141 interque
872 3078 979 3142 rigentes

336 3150 471 3211 Nostraque
484 3153 509 3198 et
523 3149 580 3197 truie
595 3150 700 3198 aduersa
714 3149 765 3197 solo
775 3163 832 3211 pars
846 3151 922 3199 altere
942 3154 1036 3209 nostre.

336 3222 403 3280 Quas
418 3220 511 3271 similes
526 3220 640 3281 utrinque
652 3225 738 3269 teneus
747 3219 835 3269 uicinia
844 3221 899 3270 eaelt

337 3293 473 3354 Temperet,
488 3293 586 3342 alteret
599 3291 701 3342 ulterius
711 3291 774 3339 vires
789 3296 861 3341 necat
872 3305 914 3341 ser
929 3305 935 3341 :

335 3363 397 3412 ltine
409 3359 519 3425 placidus
532 3362 603 3412 uobis
618 3376 662 3423 per
675 3367 787 3424 tempora
798 3362 900 3412 vertitur
911 3377 960 3414 eun

338 3433 383 3484 llic
396 3437 421 3483 et
432 3435 495 3483 sulla
505 3429 566 3502 jugo
582 3432 667 3482 didicit
677 3432 823 3484 submittere
840 3437 926 3482 tuurus

338 3506 367 3554 llt
378 3505 445 3554 leutu
460 3506 572 3554 excelsus
590 3503 644 3552 uitis
656 3505 824 3554 conscendere
838 3517 929 3567 ramos,

338 3578 510 3639 Tondeturque
520 3588 592 3639 seges
607 3579 714 3624 maturos
724 3587 806 3623 annua
815 3580 910 3638 pertus,

336 3649 366 3698 nt
375 3649 439 3698 terro
452 3649 535 3710 tellus,
550 3649 639 3708 pontus
654 3645 804 3697 confinditur
817 3659 878 3702 aere,

337 3718 487 3781 Quinetiam
502 3717 601 3770 structis
614 3721 750 3784 exsurgunt
764 3717 851 3782 oppida
865 3716 951 3769 muris.

195 3863 197 3866 ¹
247 3877 359 3936 restet
377 3895 384 3934 ε

332 4009 392 4058 Nern
404 4008 472 4072 mihi,
486 4023 542 4061 eum
554 4007 707 4075 maguis.....
721 4006 776 4075 (etc.
784 4047 791 4072 ‚
800 4007 851 4059 vid.
862 4022 944 4074 supra,
956 4022 980 4073 p.
994 4005 1082 4076 ele)

189 4146 217 4202 t.
239 4148 522 4228 Pluralexemplavid.
539 4149 574 4206 ab
587 4148 720 4206 Hnnkelio
736 4149 860 4219 collecta,
874 4149 900 4205 in
916 4151 957 4207 De
973 4164 1116 4221 paneam.
1140 4149 1172 4204 in

152 4239 238 4297 Mese.
250 4238 359 4308 tinuit,
373 4255 400 4312 p.
416 4238 510 4295 28-29.
