3044 5090
795 615 972 687 ,66-

454 789 542 868 Quod
553 787 585 853 si·
593 788 668 852 ione
682 785 757 850 alins
765 786 827 868 jem
839 803 921 850 nunc
932 787 1062 869 suspirat
1073 803 1203 866 amores,

497 890 580 954 'l'unc
593 905 710 971 precor,
723 885 843 962 infidos,
856 893 971 964 sancte,
984 885 1119 967 relinque
1132 883 1244 948 icccs¹.

425 1052 587 1128 Furtivus
599 1046 716 1125 adhuc
730 1069 828 1124 amor
841 1056 892 1123 esi
906 1047 1083 1146 multaque
1100 1045 1276 1122 communi
1295 1065 1380 1120 con-

375 1186 463 1287 jugii
490 1184 659 1262 desiderio
683 1183 833 1276 obstant,
859 1204 900 1258 eo
931 1182 1039 1281 magis
1063 1181 1154 1280 quod
1182 1178 1377 1269 cerinthus,
1494 1253 1495 1258 ,

379 1318 491 1419 qualis
511 1317 547 1393 in
570 1316 690 1393 fabule
708 1297 965 1402 mindunium
988 1314 1129 1391 timidus
1150 1322 1183 1391 et
1200 1313 1313 1415 segnis
1335 1319 1382 1388 esi

380 1476 485 1553 quam
507 1452 660 1552 Sulpicia
674 1449 771 1529 fortis
788 1460 823 1530 et
840 1449 942 1526 firme
962 1476 973 1526 ε
1496 1550 1497 1642 Ν

460 1651 548 1735 Optat
561 1647 641 1713 idem
653 1649 774 1731 juvenis
788 1648 867 1732 qnod
883 1667 948 1728 nos,
960 1647 1012 1712 sed
1024 1649 1130 1713 tectius
1145 1654 1248 1731 optat:

500 1748 574 1812 Nam
589 1747 682 1832 pudet
697 1748 760 1812 haec
774 1747 858 1811 illum
870 1747 971 1812 dicere
984 1747 1074 1812 verba
1087 1746 1213 1831 palam2.

430 1927 472 2002 ln
489 1934 584 2002 sexto
602 1927 770 2020 carmine,
794 1927 837 2004 de
857 1927 1019 2026 Sulpiciae
1042 1927 1159 2017 natali,
1185 1949 1255 2002 nnn
1277 1925 1390 2001 adhuc

383 2056 452 2135 voti
479 2066 657 2156 compotes
683 2069 840 2136 amentes
868 2059 1043 2147 videmus;
1071 2058 1135 2135 hac
1165 2059 1259 2135 enim
1292 2080 1391 2157 prece

383 2195 556 2269 lunonem
571 2200 674 2289 poete
688 2199 788 2267 orat:

465 2370 503 2432 nt
517 2376 561 2448 tu,
575 2376 688 2450 sancta,
701 2369 777 2450 fare,
788 2389 847 2434 neu
862 2372 929 2454 quis
943 2371 1064 2435 divellat
1076 2378 1221 2450 amentes,
1248 2415 1250 2422 -

506 2467 565 2531 Sed
575 2468 679 2547 juveni
692 2487 794 2549 quaeso
809 2477 912 2532 mutua
928 2469 1024 2533 vincla
1037 2489 1121 2553 para.

468 2563 517 2628 Sic
529 2564 606 2627 hene
620 2585 780 2648 compones
799 2588 807 2630 ε
824 2568 893 2631 ullae
906 2587 965 2631 non
978 2569 1029 2632 ille
1044 2568 1150 2650 puellae

509 2661 628 2728 Servire
643 2671 695 2728 aut
707 2665 848 2748 cuiquam
863 2667 982 2747 dignior
994 2667 1046 2731 illa
1060 2667 1155 2730 virc³.

437 2852 566 2930 Alludit
584 2854 689 2928 etiam
703 2853 959 2952 impedimentis
973 2879 1052 2953 quae
1069 2855 1232 2953 Sulpiciae
1242 2862 1402 2952 parentes

388 2987 610 3072 matrimonio
626 2987 873 3090 opponebant:

370 3257 372 3262 Ι
469 3166 627 3248 Praecipiat
642 3174 719 3230 natae
733 3174 829 3229 mater
844 3167 989 3247 studiosa,
1005 3169 1086 3250 quod
1100 3176 1203 3250 optet:
1247 3221 1249 3226 .

510 3263 566 3326 illa
577 3264 659 3327 aliud
672 3265 772 3343 tacita,
782 3265 846 3345 jam
862 3285 927 3345 sna,
945 3274 1043 3329 mente
1060 3267 1173 3347 rogat⁴.

439 3442 667 3518 concluditur
694 3443 843 3542 denique
872 3445 981 3542 lepida
1015 3446 1071 3519 illa
1100 3444 1218 3520 fabula
1247 3444 1402 3554 mrmine

391 3579 447 3653 ido
477 3576 570 3675 quod
595 3576 693 3670 falso,
721 3586 760 3652 nt
785 3577 965 3670 diximus⁵,
1001 3580 1036 3653 in
1057 3580 1209 3656 secundo
1230 3581 1317 3656 libro
1341 3579 1406 3655 nd-

428 3805 660 3883 iffldssw

428 3894 675 3964 ἣΝώΛἩᾶ

429 3981 666 4059 &Wffistmp

429 4070 673 4140 dffidfflffi

428 4159 739 4235 dffidmmpffi
