3044 5090
726 584 903 656 ...20-

310 757 522 835 lamiliaritor
537 758 735 850 utebantur,
755 755 815 832 scd
835 756 941 832 otiam
957 755 1047 830 inter
1069 777 1128 832 eos
1148 761 1327 832 eunome?

310 894 488 970 rabuntur.
521 893 696 993 Augustus
725 891 797 990 ipse
828 891 925 968 etin
956 913 1056 988 prosa
1089 897 1123 966 et
1153 891 1188 965 in
1218 914 1321 967 uersu

309 1028 537 1126 scriptitabat3
564 1038 642 1103 uota
659 1026 889 1124 componebat
913 1033 948 1100 et
973 1025 1018 1099 ab
1038 1047 1080 1101 eo
1103 1026 1239 1122 scriptae
1265 1026 1324 1099 lit-

263 1135 272 1146 ·
311 1170 391 1237 torae
409 1162 556 1260 vulgatae
582 1170 617 1237 et
637 1161 696 1236 diu
722 1160 935 1236 circumlata
956 1158 1110 1236 luerunt.
1136 1161 1318 1252 Maecenas,

308 1295 368 1394 qui
382 1295 552 1372 doctiores
565 1304 600 1370 ut
613 1295 655 1370 ad
674 1294 847 1370 Caesarem
864 1292 1054 1370 adduceret
1068 1293 1218 1394 benigne
1233 1293 1324 1368 acci·

308 1429 436 1527 piabat,
453 1431 489 1504 in
505 1431 662 1506 oratione
678 1438 714 1506 ct
730 1430 763 1503 in
783 1451 881 1505 versu
897 1427 1072 1505 eminebat
1091 1428 1212 1525 putido
1233 1450 1321 1527 quo-

308 1562 390 1638 dam
407 1562 545 1641 dicendi
562 1586 688 1663 genere
709 1585 772 1639 uec
791 1563 982 1662 quidquam
1000 1563 1032 1637 ei
1054 1562 1231 1661 antiquins
1247 1572 1320 1638 enat

308 1721 412 1796 quam
429 1709 466 1773 ut
478 1699 627 1772 maxima
639 1721 724 1774 eura
736 1698 891 1772 carmina
903 1705 1139 1795 componeret.
1151 1696 1318 1794 Agrippa,

314 1832 534 1906 «rusticitati
564 1831 703 1929 propior
737 1854 842 1928 quam
876 1831 1020 1923 deliciis,
1060 1859 1077 1902 a
1107 1860 1124 1900 a
1154 1829 1321 1930 magnifi-

308 1986 382 2039 cam
402 1993 419 2032 o
438 1975 553 2041 mmen
575 1973 643 2040 «et
662 1965 813 2040 maximo
827 1965 953 2040 civium
972 1964 1114 2064 dignam
1130 1964 1173 2039 de
1193 1964 1319 2038 tabulis

307 2101 468 2175 omnibus
486 2101 659 2201 signisque
675 2100 888 2198 publicandis
902 2101 1136 2206 odorationem
1149 2100 1278 2176 edebat
1293 2103 1316 2175 ¹.

307 2233 404 2309 Multi
426 2258 566 2335 quoque
588 2258 748 2334 proceres
776 2243 889 2321 erant,
914 2245 1010 2310 extra
1029 2235 1232 2335 reipublioae
1253 2259 1319 2334 gu·

306 2368 517 2461 bernatores,
552 2369 676 2445 Caesari
709 2391 778 2444 non
810 2369 967 2461 obnoxii,
997 2370 1082 2468 quin
1112 2370 1183 2445 imo
1213 2393 1320 2468 repu-

305 2510 460 2599 gnantes,
485 2503 545 2601 qui
566 2503 792 2577 litteratorum
814 2504 1003 2579 amicitiam
1024 2503 1239 2580 affectarent.
1261 2505 1320 2578 ln-

305 2643 358 2710 ter
380 2658 439 2712 eos
462 2637 612 2713 unanime
634 2637 741 2713 Pollio
766 2638 952 2729 eminebat,
979 2639 1053 2737 qui,
1076 2639 1320 2714 disertissimus

306 2781 434 2863 orator,
454 2781 635 2871 postquam
655 2773 852 2869 eloquentia
876 2802 892 2841 a
916 2782 1037 2871 pacata
1056 2804 1071 2842 o
1093 2773 1221 2861 luerat,
1249 2798 1318 2872 pu-

306 2903 412 2978 blicas
437 2907 648 2979 recitationes
671 2906 831 2996 instituit,
858 2930 947 3004 quae,
966 2930 1093 3007 magno
1116 2908 1233 2984 lavore
1259 2931 1319 2982 ex-

305 3046 428 3134 ceptae,
449 3039 484 3111 in
502 3039 679 3137 vulgarem
709 3041 995 3116 consuetudinem
1023 3043 1191 3140 paulatim
1205 3064 1319 3118 vene-

304 3179 396 3245 runt.
408 3169 523 3246 Multis
537 3172 570 3245 in
582 3172 714 3248 auibus
724 3176 860 3272 privatis
871 3174 1034 3275 disposita
1044 3178 1314 3270 suntauditoria,

303 3304 470 3382 subselliis
486 3307 521 3380 in
541 3306 684 3382 modum
705 3309 827 3383 theatri
851 3309 1029 3404 instructa,
1049 3312 1082 3386 iu
1105 3337 1184 3410 quae
1207 3314 1318 3390 domi·

304 3463 367 3514 nus
384 3441 513 3517 amicos
529 3440 572 3517 ad
590 3441 762 3517 audienda
780 3443 831 3517 sui
854 3444 960 3542 ipsius
975 3447 1027 3520 vel
1046 3447 1191 3522 aliorum
1210 3473 1317 3546 opera

301 3597 364 3671 per
376 3574 508 3652 libellos
529 3577 682 3653 accebat.
700 3577 808 3675 Xprili
824 3579 876 3654 vel
897 3589 1042 3678 augusto
1057 3604 1176 3657 mense
1194 3612 1213 3652 a
1229 3585 1316 3657 nul-

301 3689 354 3763 lus
371 3690 441 3767 lere
462 3692 534 3769 dies
555 3703 630 3770 erat
654 3716 722 3792 quo
746 3716 813 3769 non
830 3695 989 3770 recitaret
1004 3697 1163 3795 aliquis³.
1183 3729 1199 3766 n
1222 3701 1314 3774 (lum

300 3821 378 3896 libri
398 3848 523 3923 magno
540 3836 749 3918 constarent,
765 3837 874 3925 poetae
891 3831 1094 3926 praesertim,
1115 3832 1228 3907 laudis
1242 3835 1314 3908 slu-

338 4038 362 4091 l.
384 4036 466 4108 Plin,
482 4039 517 4095 H.
530 4039 579 4108 N,
593 4038 691 4110 XXXV,
704 4041 733 4108 9,
750 4041 793 4098 26.

338 4125 365 4181 2.
386 4125 455 4182 Plin.
464 4126 537 4201 jun,
550 4124 652 4200 Epist,
670 4129 691 4198 l,
707 4129 739 4197 33
750 4131 785 4188 cl.
801 4132 909 4202 loven„
926 4134 974 4201 lll,
997 4135 1023 4190 9.
