3044 5090
792 601 968 671 -pp-

372 773 481 874 magis
498 771 683 848 artificium
701 795 805 873 quam
816 773 985 872 poeticam
1005 775 1156 851 indolem
1173 785 1331 869 testatur,
1343 802 1383 854 ac

373 908 458 986 rude
478 908 666 1006 praesertim
687 916 721 983 ct
743 909 845 1005 plane
863 909 1073 1007 imperitum.
1098 912 1242 1011 Legenti
1268 912 1384 988 videre

371 1043 507 1158 ridetur
529 1042 693 1141 juvenem
716 1041 917 1140 quemdam,
937 1044 991 1119 vir
1012 1068 1031 1120 e
1051 1047 1230 1122 rhetorum
1245 1045 1385 1122 officina

373 1200 561 1272 egressum,
587 1177 676 1254 viras
692 1177 927 1275 experientem
957 1203 1021 1256 nec
1051 1180 1292 1258 imbecillitatis
1314 1205 1386 1256 snae

372 1313 564 1390 conscium.

421 1451 537 1539 Quare
553 1448 658 1548 igitur
672 1449 770 1524 multi
787 1448 877 1524 inter
897 1448 1015 1525 doctos
1036 1451 1116 1526 illud
1131 1451 1281 1544 Tibullo,
1294 1452 1386 1526 velut

374 1592 469 1661 tanto
482 1585 556 1659 viro
570 1584 672 1682 plane
682 1583 877 1682 indignum,
893 1583 1181 1682 abjudicaverunt
1196 1585 1390 1683 tironisquc

374 1719 554 1819 cujusdam
571 1727 680 1816 poetae
697 1740 783 1816 opus
799 1740 872 1793 esse
890 1718 1155 1795 contenderunt.
1179 1721 1268 1794 Sunt
1283 1721 1387 1795 eliam

375 1854 435 1952 qui
455 1860 616 1928 censeant
638 1851 721 1926 illud
740 1873 880 1926 carmen
895 1852 940 1926 ab
968 1853 1084 1952 ignoto
1102 1852 1254 1951 quodam
1273 1864 1389 1952 poste-

376 1987 476 2062 rioris
495 1986 604 2061 aetatis
619 1995 720 2083 poeta
739 1986 867 2084 ingenii
886 1987 1067 2062 exercendi
1088 2011 1189 2062 causa
1207 1990 1388 2085 conscrip-

376 2130 464 2197 tum.

425 2257 620 2354 Antequam
638 2278 759 2332 eorum
780 2257 960 2356 opiniones
975 2258 1208 2357 inspiciamus,
1222 2281 1334 2356 pauca
1347 2257 1391 2332 de

377 2393 451 2491 ipso
482 2400 642 2490 poemate
679 2390 825 2467 dicenda
853 2402 946 2467 sunt.
984 2395 1018 2467 ln
1050 2414 1120 2491 quo
1150 2416 1204 2468 res
1231 2393 1278 2466 ita
1309 2399 1389 2467 sunt

377 2527 596 2634 distributae:

426 2662 536 2737 l-l7.
573 2660 707 2738 Laudes
732 2661 883 2737 Messalae
913 2685 1038 2739 canere
1068 2685 1249 2762 aggressus
1271 2673 1387 2760 poeta,

378 2799 531 2897 primum
554 2799 682 2898 ingenii
703 2798 907 2874 tenuitatem
924 2807 1076 2886 excusat.
1095 2796 1163 2872 Sed
1178 2797 1323 2873 voluisse
1338 2807 1391 2872 snt

378 2933 470 3009 erit:
500 2932 545 3007 dli
567 2933 766 3006 mortalium
781 2954 927 3007 munera
943 2955 1011 3007 non
1032 2931 1206 3032 dedignati
1225 2940 1323 3026 sunt3
1343 2931 1391 3006 sic

381 3089 518 3164 quoque
540 3067 690 3142 Messala
710 3090 834 3164 parvus
852 3066 950 3140 labor
970 3039 1089 3163 gratus
1111 3066 1190 3150 erit.

429 3200 563 3274 lat-al.
582 3202 676 3277 Alter
690 3225 767 3299 quae
781 3224 841 3276 seu
861 3200 894 3274 ln
914 3201 998 3276 caelo
1014 3200 1085 3275 siue
1108 3199 1141 3274 in
1163 3199 1265 3274 terris
1286 3199 1392 3274 mira-

380 3336 495 3412 biliter
533 3335 692 3411 accidant
730 3335 901 3410 describat
912 3363 922 3424 ;
965 3335 1037 3432 ipse
1076 3334 1390 3435 omne'ingeuium

381 3470 535 3547 Messalae
554 3479 667 3546 vovet.

430 3604 564 3679 att-ll.
587 3605 704 3680 Primo
729 3602 834 3704 igilur
852 3603 1003 3678 Messalae
1029 3604 1140 3703 gentis
1161 3604 1299 3679 laudem
1321 3626 1394 3678 me-

382 3752 515 3829 morat;
538 3764 643 3839 quam
671 3764 753 3816 vero
782 3739 853 3838 ipse
884 3740 1024 3814 Messala
1054 3739 1202 3839 propriis
1235 3739 1393 3814 laudibus

382 3883 535 3974 superat.
564 3877 672 3949 Nemo
702 3875 754 3950 vel
787 3875 821 3948 in
859 3874 980 3948 castris
1006 3874 1059 3948 rel
1085 3874 1120 3947 in
1146 3872 1222 3948 foro
1261 3875 1395 3973 majora

383 4011 485 4104 gessit
501 4037 510 4100 ;
528 4009 621 4085 velut
635 4008 736 4095 libra,
756 4017 901 4107 utraque
916 4009 1136 4107 lanceaequa,
1151 4031 1216 4108 par
1229 4008 1305 4107 ejus
1322 4010 1394 4084 laus

384 4155 434 4224 est
451 4143 544 4222 domi
566 4145 779 4246 militiaeque.
