3044 5090
577 659 755 730 ·..;67··..;

163 826 294 904 dictum
328 834 378 903 est
405 828 567 927 quodque
606 831 767 924 Cornuti,
808 835 970 934 Sulpiciae
1004 836 1176 937 conjugis,

164 960 284 1038 relicto
300 960 454 1037 Corinthi
473 961 558 1038 lalso
571 965 723 1058 nomine,
744 969 893 1045 natalem
910 969 1075 1047 reducem
1090 973 1177 1048 cele·

166 1086 257 1161 brat.
294 1089 401 1163 Poeta
428 1088 535 1178 enim,
563 1089 597 1164 in
628 1101 724 1167 sexto
756 1093 869 1192 quarti
897 1094 975 1170 libri
1006 1096 1175 1188 carmine,

165 1229 340 1318 postremo
354 1221 482 1297 scilicet
495 1222 538 1298 de
556 1224 734 1316 Cerintho,
751 1226 911 1304 dixerat:

527 1484 634 1550 Veniet
649 1503 740 1566 quum
755 1487 908 1566 proximus
921 1505 1030 1568 annus,

328 1581 384 1646 Hic
396 1583 476 1647 idem
491 1582 567 1648 votis
578 1583 640 1664 jam
656 1591 738 1646 vetus
751 1583 829 1648 adsit
840 1588 952 1652 amor¹.

218 1818 304 1892 Vota
326 1815 490 1893 exaudita
513 1823 604 1908 suut,
634 1839 715 1890 nam
738 1819 932 1894 Cornutum
959 1823 1074 1898 uxoris
1100 1833 1182 1900 tan-

164 1928 244 2024 tum
260 1950 372 2026 «lidos
383 1973 519 2027 amores
531 1981 548 2021 »
566 1957 600 2026 et
619 1979 635 2018 α
650 1951 809 2048 prolem»
822 1962 998 2051 optantem
1010 1956 1179 2034 videmus.

170 2082 284 2182 Atque
318 2084 450 2160 utinam
485 2067 544 2160 lidi
578 2085 659 2173 sint,
695 2084 917 2184 Sulpiciaque
939 2090 1044 2166 semel
1075 2100 1109 2166 et
1146 2093 1181 2165 in

166 2227 337 2322 'aeternum
352 2220 491 2295 arseritl

219 2353 323 2429 Haud
337 2352 436 2428 facile
456 2352 607 2451 reperias
627 2351 662 2425 in
682 2353 842 2428 omuibus
857 2354 910 2429 vel
928 2339 1115 2444 latinorum
1132 2358 1184 2434 vel

172 2459 365 2586 graecorum
397 2495 576 2586 poetarum
606 2487 769 2584 operibus
795 2469 999 2564 curatoriam
1030 2489 1183 2566 fabulam
1228 2518 1229 2521 ‘

173 2622 347 2698 callidiore
365 2629 440 2698 arte
456 2621 656 2718 explicitam
675 2630 709 2695 et
727 2623 824 2719 quasi
847 2621 1013 2721 gradibus
1028 2624 1182 2715 ductam,

173 2753 357 2832 fervidiore
385 2756 527 2831 flamma
555 2754 772 2851 flagrantem,
803 2755 948 2831 arctiore
976 2758 1086 2854 spatio
1110 2780 1188 2854 por·

175 2890 365 2967 lectiorem.
385 2889 609 2981 Prooemium,
625 2889 1078 2987 argumentumcxnlicatio
1096 2891 1187 2966 inter

175 3048 210 3100 se
221 3025 391 3100 mirumin
403 3024 547 3100 modum
558 3023 781 3113 conveniunt,
797 3023 906 3099 donec
913 3023 1186 3121 splendidissimo

175 3159 268 3234 exitu
289 3158 554 3249 concludantur,
576 3166 610 3234 et
629 3157 663 3231 iu
685 3166 757 3232 toto
771 3157 939 3255 poematis
960 3157 1067 3233 ductu
1083 3181 1138 3233 ars
1153 3168 1188 3234 et

177 3303 314 3386 natura,
332 3318 413 3370 vera
427 3294 550 3368 scilicet
568 3301 603 3368 et
621 3292 716 3382 bota,
735 3291 862 3366 eximio
874 3300 1050 3367 momento
1062 3291 1188 3367 librata

177 3436 212 3504 ct
226 3427 351 3527 juncta
366 3437 518 3504 mentem
541 3426 644 3500 simul
664 3423 836 3500 oblectant
858 3433 892 3499 et
906 3425 1057 3522 explent.
1081 3424 1186 3514 Nihil,

179 3571 215 3638 ut
235 3562 359 3661 saepius
379 3563 413 3636 in
433 3561 568 3638 Tibullo
593 3559 646 3651 fit,
673 3581 969 3657 supervacaneum
993 3567 1053 3632 aut
1069 3558 1189 3634 inutile

179 3704 331 3772 moratur
349 3718 491 3771 carmen
504 3705 538 3771 et
551 3694 743 3792 corrumpit
750 3721 759 3784 ;
779 3693 881 3767 nullae
895 3700 977 3766 sunt
992 3699 1189 3768 ceterorum

179 3843 359 3931 poetarum
380 3830 601 3920 imitationes,
626 3850 740 3904 rerum
758 3826 1006 3924 descriptiones
1019 3828 1072 3902 vel
1089 3825 1192 3902 fabu-

179 3967 260 4041 losae
272 3965 578 4043 historiae.Absunt
592 3984 730 4060 quoque
743 3961 778 4035 in
793 3960 1191 4058 dispositioneettracta-

218 4227 242 4284 r.
264 4225 308 4297 lv,
324 4229 351 4296 o,
368 4224 459 4284 re-ac.
