3044 5090
784 625 962 697 ..qq-

365 801 428 876 drs
445 797 601 890 metrice,
625 798 782 896 quemvis
798 798 1000 875 hexametro
1018 821 1118 874 versu
1135 798 1384 898 panegyricus,

364 934 514 1034 elegiaco
526 941 640 1010 cetero
658 933 813 1008 carmina
824 941 980 1024 utentur,
997 933 1030 1006 in
1051 932 1104 1007 his
1122 940 1158 1009 et
1169 934 1204 1007 in
1218 932 1275 1008 illo
1286 934 1386 1032 leges

366 1067 503 1145 easdem
517 1067 686 1166 sequitur,
704 1068 753 1142 ito
766 1075 804 1142 ut
818 1070 858 1142 L.
875 1067 1069 1144 Muellerius
1083 1075 1176 1145 recte
1187 1065 1383 1142 existimet¹

366 1204 607 1281 hexametrum
626 1202 777 1300 elegiaco
795 1229 812 1274 c
827 1201 951 1278 ducem
963 1211 997 1277 et
1013 1201 1244 1300 magistrumn
1262 1198 1379 1276 luisse.

367 1338 457 1413 Sunt
471 1335 663 1434 deniquein
681 1336 890 1436 panegyrico
902 1335 999 1412 doles
1012 1337 1162 1412 maxime
1174 1335 1379 1425 tibullieuae,

368 1471 497 1548 scilicet
523 1493 668 1546 acumen
698 1469 874 1567 quoddam
895 1470 929 1544 in
964 1470 1148 1546 verborum
1183 1468 1318 1546 delectu
1347 1478 1382 1546 et

367 1610 626 1710 compositione,
651 1610 793 1707 plastico
817 1611 978 1710 quaedem
1000 1611 1035 1684 in
1055 1610 1157 1686 rebus
1179 1610 1382 1709 effingendis

368 1744 535 1838 solertie²,
554 1767 633 1843 quoe
652 1745 807 1843 quidem,
830 1747 883 1822 vel
902 1746 936 1820 in
953 1745 1096 1821 minoris
1109 1745 1211 1843 pretii
1227 1744 1326 1835 locis,
1344 1753 1382 1818 ut

368 1879 465 1955 librae
481 1879 531 1954 vel
545 1879 757 1955 diversorum
777 1879 868 1954 orbis
890 1881 1071 1979 plagarum
1090 1878 1285 1977 descriptio,
1313 1900 1382 1954 non

369 2023 420 2090 est
453 2013 718 2106 contemnende,
756 2036 834 2088 nam
863 2013 982 2112 poete,
1013 2037 1094 2088 cum
1130 2013 1213 2089 ortis
1241 2035 1384 2111 compos

264 2153 265 2158 '
370 2148 481 2224 lectus
506 2148 584 2238 erit,
612 2148 785 2224 solertium
810 2148 969 2225 eenrdom
994 2148 1104 2247 magis
1126 2154 1318 2245 temperate
1348 2156 1384 2222 et

370 2280 563 2359 felicissime
587 2281 776 2358 adhibebit.

418 2418 523 2493 Plane
540 2417 644 2516 igitur
671 2416 811 2492 inuertae
836 2440 908 2492 seso
930 2416 1099 2515 praebent,
1121 2423 1169 2506 et,
1195 2414 1379 2509 adfinem,

369 2550 511 2625 omnino
529 2551 658 2627 cedunt
679 2552 781 2626 varice
815 2552 993 2650 opiniones
1022 2575 1109 2650 quas
1132 2550 1222 2625 docti
1247 2550 1310 2624 viri
1338 2549 1382 2624 nd

369 2686 616 2786 panegyricum
636 2687 767 2762 incerto
790 2686 929 2762 cnidum
957 2686 1090 2762 auctori
1107 2684 1382 2761 transferendum

369 2798 666 2919 excogitaveruut3
678 2844 742 2897 neo
755 2821 822 2895 ulle
835 2829 885 2896 est
893 2845 981 2919 quoe,
1002 2821 1029 2895 si
1041 2821 1075 2894 in
1089 2819 1322 2918 disquisitione
1334 2842 1383 2894 se·

370 2953 453 3029 dnlo
465 2964 629 3054 ponatur,
647 2956 791 3029 minino
805 2955 1007 3052 accipienda
1021 2978 1089 3030 non
1104 2953 1275 3030 uideatur.
1294 2956 1383 3029 Sunt

369 3097 489 3164 contra
497 3088 532 3163 in
547 3110 588 3164 eo
598 3090 706 3164 multe
720 3090 877 3189 quaejam
890 3112 1055 3190 magnum
1073 3088 1230 3165 lutnrum
1244 3096 1380 3188 poetam

369 3221 576 3298 confirment
583 3249 593 3312 ;
614 3231 694 3298 sunt
703 3224 807 3298 etiarn
818 3248 898 3322 quee
912 3246 994 3300 cum
1008 3224 1130 3300 ceteris
1139 3223 1262 3298 Tibulli
1279 3223 1381 3321 ipsius

369 3358 531 3456 operibus
550 3356 1235 3457 praecipuonrsimilitudinemostendunt.
1247 3359 1377 3455 ltaque,

369 3494 587 3590 quantumin
610 3493 685 3569 loco
702 3493 789 3569 adeo
801 3493 947 3586 difficili,
962 3493 1117 3569 Messalae
1134 3491 1378 3593 panegyricum

368 3626 500 3704 Tibullo
519 3627 744 3704 tribuendum
764 3628 973 3705 contendere
988 3628 1110 3702 ausim.

406 3868 431 3925 l.
451 3866 481 3922 ln
496 3866 561 3924 edit.
579 3868 639 3924 Tib.
664 3867 811 3942 Copiosum
830 3867 886 3926 vid·
903 3868 937 3926 de
949 3878 1010 3927 arte
1022 3869 1136 3928 metrica
1147 3869 1308 3945 panegyrici
1324 3868 1379 3924 dis-

369 3955 544 4031 quisitionem
559 3957 587 4014 in
602 3958 746 4027 Hanlrelio,
761 3976 788 4033 p.
805 3959 849 4029 30,
863 3977 924 4034 sqq.

404 4046 430 4102 2.
452 4047 492 4104 (ll.
509 4047 623 4115 Teuffel,
638 4048 721 4106 Stud.
735 4049 795 4105 und
810 4047 962 4118 Clurultt„
979 4067 1005 4123 p.
1022 4048 1085 4107 355.
