3044 5090
797 605 975 675 ..76-

426 777 579 853 Messalae
597 777 839 876 panegyricus,
862 802 950 876 opus
967 779 1134 880 juvenile,
1150 792 1262 882 poeto
1278 787 1391 877 initia,

377 913 484 1003 nisus,
501 913 734 990 dubitationes
762 913 909 990 ostendit
936 924 971 990 et
998 917 1109 991 molta
1132 918 1176 993 de
1209 921 1285 1020 ejus
1310 923 1389 1010 vile,

377 1047 504 1136 indole,
520 1047 634 1148 primo
649 1047 778 1148 ingenii
793 1048 898 1125 ductu
914 1049 1041 1126 indicio
1052 1052 1195 1149 praebet.
1211 1057 1249 1129 ln
1267 1079 1310 1131 eo
1324 1058 1393 1132 solo

377 1183 532 1259 Tibullus
559 1182 761 1260 hexametro
790 1206 890 1260 versu
920 1209 1003 1260 usus
1029 1194 1101 1280 est;
1123 1211 1221 1288 ergo,
1254 1190 1281 1263 si
1309 1189 1396 1266 desit

377 1318 462 1394 illud
478 1340 615 1415 poema,
630 1341 709 1416 pars
727 1318 916 1395 tibullionae
929 1321 1013 1396 erlis
1025 1321 1126 1397 nobis
1138 1322 1257 1422 ignota
1269 1324 1314 1398 sit
1333 1348 1394 1400 nec

378 1461 517 1550 poetam
537 1452 761 1528 videamusse
775 1460 995 1530 exercentem
1008 1453 1041 1527 in
1056 1454 1163 1530 nobili
1184 1453 1394 1532 illoberoico

379 1610 494 1682 versu,
515 1588 794 1686 praestantissimo
818 1588 1004 1664 latinorum
1029 1590 1392 1689 carminumgenere‚

379 1744 449 1820 quo
476 1721 682 1814 Lucretium
723 1721 903 1814 Catullus,
941 1723 1104 1824 Virgilius
1140 1724 1391 1800 excelluerunt.
1501 1705 1502 1708 ¹

380 1859 527 1932 Multum
552 1857 648 1934 abest
673 1866 710 1933 ul
734 1858 906 1955 optimum
932 1857 975 1932 sit
997 1881 1061 1934 nec
1084 1859 1160 1957 ejus
1183 1859 1338 1957 pretium
1360 1861 1393 1934 in

383 1992 495 2091 majus
512 1991 785 2080 celebrabimus;
804 1992 836 2069 ei
857 2002 972 2068 tamen
991 1992 1084 2069 unici
1104 1994 1253 2092 exempli
1275 2004 1393 2070 aucto

383 2128 465 2202 rites
481 2135 544 2203 est.

431 2262 606 2340 Atcoutre
623 2285 803 2360 nunquam
816 2263 918 2338 nimis
932 2264 1044 2340 extolli
1059 2271 1222 2362 poterunt
1234 2264 1314 2341 dure
1330 2265 1393 2340 ille

381 2398 577 2474 carminum
592 2397 697 2474 series
710 2421 788 2497 quae
811 2399 844 2472 in
860 2399 1024 2496 Sulpioiae
1043 2407 1077 2474 et
1094 2399 1249 2473 Cerintbi
1266 2400 1394 2474 amori-

382 2533 447 2608 bus
461 2543 652 2608 versantur.
674 2536 711 2608 ln
728 2534 886 2610 bisenim
902 2533 1043 2609 meximi
1057 2534 1158 2633 pretii
1176 2564 1193 2601 «
1209 2533 1395 2610 documen·
1438 2551 1440 2557 “
1506 2625 1507 2630 ¹

383 2676 487 2743 tum»
506 2689 639 2743 necnon
658 2667 1219 2767 mirandumoposunebebemus.
1235 2669 1395 2768 Sulpicio

384 2803 539 2879 earmina
556 2802 729 2902 cupidinis
743 2805 887 2879 sineerae
902 2811 937 2880 et
950 2803 1126 2879 insolentis
1140 2812 1221 2879 sunt
1236 2804 1395 2880 testimo·
1416 2817 1423 2824 '

385 2940 456 3030 nie,
486 2939 613 3041 quibus
632 2938 785 3015 mulieris
813 2937 905 3014 bend
940 2938 1091 3037 vulgaris
1119 2961 1179 3014 eor
1205 2948 1241 3014 et
1265 2938 1396 3016 indoles

386 3075 573 3164 nudentur,
595 3082 628 3151 et
652 3074 865 3149 illustrentur
884 3072 1017 3149 romoni
1037 3095 1153 3149 mores
1174 3074 1398 3173 vergentibus

385 3208 420 3284 in
438 3207 543 3285 finem
557 3208 673 3286 liberae
687 3208 886 3308 reipublicae
905 3207 1131 3306 temporibus.
1147 3208 1300 3282 Tibullus
1319 3231 1399 3283 vero

385 3367 488 3422 omne
502 3344 679 3445 ingenium
695 3344 727 3419 in
737 3343 964 3442 explicatione
977 3342 1083 3442 boios
1094 3342 1289 3442 argumenti
1303 3353 1399 3440 pete-

389 3482 512 3560 lecitet
523 3503 581 3557 sex
595 3481 661 3556 illae
672 3481 795 3580 elegiae
808 3477 1143 3579 (adjunctosecoodo
1153 3478 1307 3553 carmine
1322 3477 1398 3551 libri

387 3618 539 3717 secundi)
553 3618 637 3692 nulli
653 3639 773 3694 eorum
790 3613 918 3691 cedunt
933 3636 1010 3712 quse
1026 3613 1059 3687 in
1075 3612 1198 3688 celeris
1214 3612 1309 3686 libris
1322 3612 1402 3711 pul-

389 3753 571 3831 cherrimae
601 3751 840 3841 inveniuntur3
860 3748 1051 3824 maximum
1079 3753 1216 3846 poetam
1242 3769 1278 3822 se
1293 3747 1327 3821 io
1343 3746 1401 3824 illo

296 3919 298 3924 ·
389 3911 496 3987 perro
507 3889 565 3964 sed
576 3888 714 3988 egregio
725 3908 829 3986 opere
841 3884 985 3984 prrebet.

439 4023 759 4120 Carminedenique
773 4021 815 4098 de
827 4020 1108 4118 Glycerenovom
1118 4014 1217 4091 nobis
1229 4024 1261 4091 et
1273 4015 1403 4115 jucun-

391 4158 564 4238 dissimam
583 4156 711 4232 amoris
738 4152 1052 4230 formamoiieront
1080 4151 1113 4225 in
1142 4149 1201 4225 illo
1229 4151 1402 4248 poetaqui
