3044 5090
800 594 979 667 ..34-

380 767 533 864 ponitur,
560 766 704 842 minime
740 766 942 864 accipienda
974 774 1129 865 apparet.
1161 767 1198 842 Si
1224 767 1319 842 enim
1356 768 1393 840 in

379 901 525 978 rhetoris
534 900 1391 999 soholaadolesoensquidam,seexercendioausa,

378 1034 565 1135 quemdam
578 1035 723 1134 Augusti
737 1035 887 1112 amioum
903 1034 979 1122 sibi,
998 1041 1035 1110 ut
1050 1057 1125 1110 mos
1136 1043 1224 1124 erat,
1245 1035 1394 1110 laudan·

377 1170 460 1245 dum
481 1169 724 1268 proposuisset,
746 1169 927 1245 materiem
942 1179 1035 1245 certe
1053 1169 1141 1245 adeo
1155 1169 1278 1244 exilem
1294 1169 1390 1245 haud

375 1303 546 1402 elegisset,
574 1303 658 1378 dum
683 1311 733 1378 tot
761 1303 825 1378 illis
843 1303 1057 1402 temporibus
1087 1303 1152 1378 riri
1180 1303 1393 1380 exstitissent

376 1461 523 1536 quorum
549 1436 618 1513 vita
640 1437 747 1512 multo
778 1437 964 1536 largiorem
1003 1437 1170 1514 laudatori
1202 1439 1389 1535 preberet.

372 1575 504 1671 Nempe
530 1573 683 1664 Messala,
709 1572 771 1647 etsi
791 1597 854 1647 sua
879 1580 980 1649 aetate
1007 1574 1331 1670 prestantissimurn
1352 1576 1389 1648 in

374 1708 511 1784 civitate
537 1708 654 1782 loourn
684 1705 885 1797 obtinuerit,
911 1714 1029 1784 tamen
1054 1708 1150 1784 haud
1164 1711 1391 1786 annumerari

374 1852 486 1941 potest
509 1841 599 1916 inter
621 1863 773 1916 summos
789 1841 864 1916 illos
873 1844 967 1916 viros
975 1843 1048 1940 qui,
1065 1843 1111 1918 ob
1127 1845 1265 1944 egregie
1280 1843 1389 1938 facta,

373 1975 533 2050 laudibus
559 1974 660 2052 facile
680 1976 891 2051 extolluntur
912 1986 947 2052 et
968 2000 1055 2075 quos
1073 1978 1117 2052 oh
1141 2002 1220 2053 eam
1243 2001 1388 2056 oaumm

373 2109 633 2202 adolescentuli,
661 2132 743 2186 oum
766 2111 947 2186 rhetoricae
978 2111 1129 2203 student,
1157 2114 1303 2212 eligunt.
1334 2115 1389 2190 Sit

375 2256 488 2324 tamen
504 2253 543 2321 ut
556 2245 754 2322 adulescens
765 2245 821 2321 ille
837 2245 1016 2322 Messalam
1031 2245 1210 2346 delegerit,
1228 2250 1388 2326 novitatis

373 2389 408 2458 et
436 2381 627 2456 insolentiae
652 2379 812 2477 cupidine
831 2381 981 2478 quadarn
1010 2381 1159 2457 duetus:
1184 2405 1268 2459 num
1295 2385 1387 2459 veri-

372 2514 484 2590 simile
511 2523 562 2588 est
593 2513 690 2588 illum
718 2513 850 2588 nullam
883 2511 1001 2590 lenisse
1033 2516 1244 2593 mentionem
1266 2543 1384 2594 rerum

372 2647 474 2725 laude
499 2647 681 2748 dignarum
709 2671 796 2746 quas
824 2649 964 2724 Messala
993 2660 1124 2747 posta.
1155 2652 1227 2726 7⁶23
1254 2654 1386 2751 gessit?

371 2783 444 2860 Non
461 2785 572 2860 solum
593 2783 637 2858 ab
658 2806 700 2859 eo
719 2779 811 2858 taeta
833 2806 901 2858 non
926 2784 1179 2876 memoravisse,
1196 2785 1254 2862 sed
1279 2787 1384 2862 etiam

372 2941 450 3018 quaa
464 2941 535 2994 non
547 2915 728 2992 factasunt
745 2925 955 3016 auguratum
966 2941 1053 3008 esse,
1065 2918 1193 2995 scilieet
1204 2921 1383 2995 Messalam

371 3053 406 3128 in
436 3051 563 3139 Gallia,
596 3052 773 3149 Hispania,
805 3053 954 3152 AEgypto
981 3051 1159 3129 bellavisse
1187 3063 1224 3130 et
1248 3057 1382 3142 Persas,

371 3185 529 3276 Parthos,
544 3186 726 3261 Britannos
736 3186 771 3260 in
783 3209 962 3261 romanam
977 3197 1179 3285 potestatem
1189 3184 1384 3290 redegisset

418 3322 489 3398 Neo
507 3322 616 3422 magis
630 3320 752 3419 conjici
770 3330 881 3417 potest
894 3322 1067 3397 rhetorem
1089 3323 1152 3396 sibi
1165 3325 1380 3424 proposuisse

366 3455 530 3558 juvenem
572 3454 772 3555 quemdam,
818 3455 916 3529 bonis
953 3454 1168 3555 fortunisque
1205 3431 1377 3549 orbatum,
1496 3445 1497 3450 ¹

369 3592 535 3668 auxilium
555 3614 577 3666 a
593 3590 733 3665 Messala
747 3598 784 3663 ut
803 3587 1032 3665 redderentur
1047 3593 1288 3688 postulantem.
1307 3594 1380 3668 Ma-

368 3726 420 3824 gis
443 3727 535 3804 eninr
554 3726 606 3802 vel
621 3726 800 3817 Maeoenas,
820 3725 870 3800 vel
885 3724 1052 3824 Agrippa,
1069 3729 1120 3801 vel
1133 3727 1205 3824 ipse
1221 3728 1380 3804 Octavius

367 3858 568 3958 deligendus
595 3869 683 3948 erut,
718 3860 828 3959 major
856 3859 948 3934 onim
981 3869 1068 3953 erat,
1099 3884 1167 3936 non
1193 3865 1300 3937 solum
1335 3864 1377 3938 ad

367 3991 548 4090 ingenium
572 3991 804 4067 exercendum
830 3995 986 4086 materia,
1005 3995 1070 4074 =sed
1089 3997 1161 4070 veri
1181 3998 1324 4094 speeies.
1342 3999 1376 4072 Si

368 4148 449 4204 voro
478 4125 651 4202 Tibullum
682 4126 792 4224 ipsum
824 4129 857 4202 in
881 4150 1020 4204 scenam
1053 4130 1169 4206 rhetor
1192 4132 1378 4229 producere
