3044 5090
549 641 727 712 ..77-

128 815 232 890 rilem
247 837 387 891 omnem
402 824 438 890 et
450 822 560 891 tutum
577 815 755 914 ingenium
773 815 807 891 in
826 839 944 893 amore
959 816 1137 894 sentiendo

129 957 164 1025 et
194 948 351 1026 cauendo
375 952 600 1050 consumpsit.
641 951 716 1027 Nun
748 951 823 1051 jem
846 951 880 1026 in
911 952 964 1027 his
994 951 1075 1027 felix
1106 959 1142 1028 et

130 1085 228 1159 laetus
250 1085 357 1161 Deliae
377 1092 411 1161 et
433 1085 587 1161 Nemesis
609 1085 743 1162 amicus
768 1087 935 1179 cernitur,
962 1086 1020 1164 sed
1035 1087 1143 1162 horno

130 1219 263 1313 dolens,
294 1220 354 1318 qui
382 1220 535 1297 dolerem
562 1219 728 1321 diligitei
754 1246 797 1298 ex
815 1245 856 1299 ee
872 1224 1144 1298 velutamarum

130 1355 423 1431 oblectamentum
452 1356 610 1456 percipit.
654 1357 769 1432 Animi
800 1357 889 1432 illius
919 1358 1070 1434 ardentis
1111 1367 1146 1435 et

132 1491 274 1590 ingenui
288 1515 396 1568 nevus
411 1491 456 1566 ibi
472 1500 628 1590 aspectus
643 1491 810 1568 cernitur.

181 1628 333 1716 Quartus
344 1626 513 1727 igilurille
525 1628 625 1718 liber,
641 1628 703 1704 etsi
716 1627 1007 1720 maleeoheerens,
1022 1625 1148 1702 ceteris

134 1761 260 1836 Tibulli
291 1761 454 1860 operibus
485 1762 609 1861 saepius
642 1787 762 1862 aequus
799 1770 850 1838 est
881 1762 941 1836 illa
971 1760 1147 1838 interdurn

134 1907 293 1995 superem
313 1921 380 1997 que
394 1898 542 1991 sublate,
559 1922 639 1996 pars
651 1897 779 1975 eximia
796 1906 907 1996 poelae
921 1895 1148 1995 nubisignote

136 2031 192 2106 sil.
210 2032 378 2108 Plurimas
396 2055 480 2132 erge
502 2041 617 2132 grates
627 2056 770 2132 agamus
783 2031 900 2130 ignoto
914 2030 1034 2107 edituri
1047 2029 1148 2127 eujus

136 2175 232 2244 lanto
248 2167 419 2245 beneficio
436 2167 576 2268 obligati
592 2191 722 2243 sumus.

590 2523 693 2574 rtrtls

397 2924 466 2990 Vidi
480 2944 515 2988 ac
530 2924 653 3008 perlegi,

219 3067 342 3132 Lutetia
364 3067 560 3148 Parisiorum,
576 3068 606 3131 in
624 3067 770 3148 Sarbena,

239 3231 268 3276 a.
285 3213 314 3276 d.
331 3213 371 3278 IV
386 3212 453 3276 idus
468 3233 535 3295 aug.
552 3233 625 3278 ann.
639 3213 906 3293 MDCGCLXXllll,

138 3367 318 3431 Facultatis
329 3367 527 3432 litterarum
543 3368 578 3432 in
593 3368 767 3431 Academia
781 3367 958 3431 Parisiensi
970 3367 1128 3446 Desertus,

439 3521 476 3582 Α.
503 3518 632 3584 HlllLll.

681 3780 769 3863 Typis
781 3776 954 3857 mandetur,

502 3951 682 4014 Academiae
697 3951 889 4015 parisiensis
904 3950 1032 4029 llantur,

756 4079 921 4159 nullan.
