<?xml version="1.0" encoding="UTF-8"?>
<!DOCTYPE html PUBLIC "-//W3C//DTD XHTML 1.0 Transitional//EN"
    "http://www.w3.org/TR/xhtml1/DTD/xhtml1-transitional.dtd">
<html xmlns="http://www.w3.org/1999/xhtml" xml:lang="en" lang="en">
 <head>
  <title>
</title>
<meta http-equiv="Content-Type" content="text/html;charset=utf-8" />
  <meta name='ocr-system' content='tesseract 3.04.00' />
  <meta name='ocr-capabilities' content='ocr_page ocr_carea ocr_par ocr_line ocrx_word'/>
</head>
<body>
  <div class='ocr_page' id='page_1' title='image "./dequartotibulli00larrgoog_0082.png"; bbox 0 0 3044 5090; ppageno 0'>
   <div class='ocr_carea' id='block_1_1' title="bbox 549 610 725 681">
    <p class='ocr_par' dir='ltr' id='par_1_1' title="bbox 549 610 725 681">
     <span class='ocr_line' id='line_1_1' title="bbox 549 610 725 681; baseline 0.011 -20"><span class='ocrx_word' id='word_1_1' title='bbox 549 610 725 681; x_wconf 73' lang='grc'>..63-</span> 
     </span>
    </p>
   </div>
   <div class='ocr_carea' id='block_1_2' title="bbox 123 781 1141 2633">
    <p class='ocr_par' dir='ltr' id='par_1_2' title="bbox 123 781 1138 1148">
     <span class='ocr_line' id='line_1_2' title="bbox 125 781 1138 879; baseline 0.003 -22"><span class='ocrx_word' id='word_1_2' title='bbox 125 781 261 858; x_wconf 86' lang='lat' dir='ltr'>ardenti</span> <span class='ocrx_word' id='word_1_3' title='bbox 285 781 404 856; x_wconf 80' lang='lat' dir='ltr'>animo</span> <span class='ocrx_word' id='word_1_4' title='bbox 427 790 617 879; x_wconf 87' lang='lat' dir='ltr'>eruperunt</span> <span class='ocrx_word' id='word_1_5' title='bbox 638 781 877 858; x_wconf 88' lang='lat' dir='ltr'>ostenduntur.</span> <span class='ocrx_word' id='word_1_6' title='bbox 895 783 1039 870; x_wconf 80' lang='lat' dir='ltr'>Ruriorn</span> <span class='ocrx_word' id='word_1_7' title='bbox 1056 797 1138 860; x_wconf 88' lang='lat' dir='ltr'>sunt</span> 
     </span>
     <span class='ocr_line' id='line_1_3' title="bbox 125 917 1135 1018; baseline 0.004 -26"><span class='ocrx_word' id='word_1_8' title='bbox 125 918 232 1018; x_wconf 91' lang='lat' dir='ltr'>hujus</span> <span class='ocrx_word' id='word_1_9' title='bbox 258 919 392 1017; x_wconf 83' lang='lat' dir='ltr'>generis</span> <span class='ocrx_word' id='word_1_10' title='bbox 419 917 640 1008; x_wconf 83' lang='lat' dir='ltr'>documenta,</span> <span class='ocrx_word' id='word_1_11' title='bbox 668 917 727 994; x_wconf 89' lang='lat' dir='ltr'>sed</span> <span class='ocrx_word' id='word_1_12' title='bbox 751 941 832 993; x_wconf 91' lang='lat' dir='ltr'>cum</span> <span class='ocrx_word' id='word_1_13' title='bbox 856 917 944 994; x_wconf 85' lang='lat' dir='ltr'>forte</span> <span class='ocrx_word' id='word_1_14' title='bbox 974 918 1135 1018; x_wconf 86' lang='lat' dir='ltr'>quendam</span> 
     </span>
     <span class='ocr_line' id='line_1_4' title="bbox 123 1051 1015 1148; baseline 0.002 -22"><span class='ocrx_word' id='word_1_15' title='bbox 123 1060 308 1128; x_wconf 86' lang='lat' dir='ltr'>serventur</span> <span class='ocrx_word' id='word_1_16' title='bbox 326 1051 493 1148; x_wconf 82' lang='lat' dir='ltr'>eximium</span> <span class='ocrx_word' id='word_1_17' title='bbox 509 1053 544 1126; x_wconf 95' lang='lat' dir='ltr'>in</span> <span class='ocrx_word' id='word_1_18' title='bbox 561 1052 681 1128; x_wconf 86' lang='lat' dir='ltr'>litteris</span> <span class='ocrx_word' id='word_1_19' title='bbox 695 1053 809 1128; x_wconf 91' lang='lat' dir='ltr'>locum</span> <span class='ocrx_word' id='word_1_20' title='bbox 824 1053 1015 1130; x_wconf 87' lang='lat' dir='ltr'>obtinent¹.</span> 
     </span>
    </p>

    <p class='ocr_par' dir='ltr' id='par_1_3' title="bbox 124 1171 1141 2633">
     <span class='ocr_line' id='line_1_5' title="bbox 176 1171 1139 1285; baseline 0.003 -24"><span class='ocrx_word' id='word_1_21' title='bbox 176 1188 241 1262; x_wconf 86' lang='lat' dir='ltr'>Ars</span> <span class='ocrx_word' id='word_1_22' title='bbox 261 1171 478 1281; x_wconf 43' lang='lat' dir='ltr'>contre,&#39;sed</span> <span class='ocrx_word' id='word_1_23' title='bbox 495 1187 636 1263; x_wconf 80' lang='lat' dir='ltr'>maximi</span> <span class='ocrx_word' id='word_1_24' title='bbox 659 1197 782 1285; x_wconf 76' lang='lat' dir='ltr'>poetae,</span> <span class='ocrx_word' id='word_1_25' title='bbox 808 1189 939 1265; x_wconf 87' lang='lat' dir='ltr'>eminet</span> <span class='ocrx_word' id='word_1_26' title='bbox 958 1190 994 1263; x_wconf 96' lang='lat' dir='ltr'>in</span> <span class='ocrx_word' id='word_1_27' title='bbox 1011 1191 1139 1266; x_wconf 82' lang='lat' dir='ltr'>curmi-</span> 
     </span>
     <span class='ocr_line' id='line_1_6' title="bbox 125 1322 1140 1423; baseline 0.004 -25"><span class='ocrx_word' id='word_1_28' title='bbox 125 1322 229 1398; x_wconf 88' lang='lat' dir='ltr'><strong>nibus</strong></span> <span class='ocrx_word' id='word_1_29' title='bbox 251 1323 331 1399; x_wconf 89' lang='lat' dir='ltr'>inde</span> <span class='ocrx_word' id='word_1_30' title='bbox 349 1323 394 1398; x_wconf 85' lang='lat' dir='ltr'>eh</span> <span class='ocrx_word' id='word_1_31' title='bbox 408 1323 515 1398; x_wconf 86' lang='lat' dir='ltr'>altero</span> <span class='ocrx_word' id='word_1_32' title='bbox 535 1346 642 1422; x_wconf 88' lang='lat' dir='ltr'>usque</span> <span class='ocrx_word' id='word_1_33' title='bbox 662 1323 704 1398; x_wconf 85' lang='lat' dir='ltr'>ud</span> <span class='ocrx_word' id='word_1_34' title='bbox 721 1331 869 1415; x_wconf 86' lang='lat' dir='ltr'>sextum,</span> <span class='ocrx_word' id='word_1_35' title='bbox 898 1325 1140 1423; x_wconf 17' lang='lat' dir='ltr'>queelTibullo</span> 
     </span>
     <span class='ocr_line' id='line_1_7' title="bbox 124 1457 1140 1558; baseline 0.001 -26"><span class='ocrx_word' id='word_1_36' title='bbox 124 1458 324 1547; x_wconf 79' lang='lat' dir='ltr'><strong>tribuimus,</strong></span> <span class='ocrx_word' id='word_1_37' title='bbox 343 1465 376 1533; x_wconf 87' lang='lat' dir='ltr'>et</span> <span class='ocrx_word' id='word_1_38' title='bbox 395 1457 615 1532; x_wconf 84' lang='lat' dir='ltr'>tibullienum</span> <span class='ocrx_word' id='word_1_39' title='bbox 635 1458 814 1556; x_wconf 86' lang='lat' dir='ltr'>ingenium</span> <span class='ocrx_word' id='word_1_40' title='bbox 829 1459 961 1558; x_wconf 80' lang='lat' dir='ltr'>lingua,</span> <span class='ocrx_word' id='word_1_41' title='bbox 980 1483 1140 1535; x_wconf 87' lang='lat' dir='ltr'>versuum</span> 
     </span>
     <span class='ocr_line' id='line_1_8' title="bbox 125 1592 1140 1692; baseline 0.001 -25"><span class='ocrx_word' id='word_1_42' title='bbox 125 1593 389 1692; x_wconf 82' lang='lat' dir='ltr'>pangendorum</span> <span class='ocrx_word' id='word_1_43' title='bbox 411 1592 621 1686; x_wconf 87' lang='lat' dir='ltr'>conditione,</span> <span class='ocrx_word' id='word_1_44' title='bbox 641 1592 892 1668; x_wconf 83' lang='lat' dir='ltr'>sententiarum</span> <span class='ocrx_word' id='word_1_45' title='bbox 917 1593 1140 1691; x_wconf 79' lang='lat' dir='ltr'>dispositione</span> 
     </span>
     <span class='ocr_line' id='line_1_9' title="bbox 125 1725 1141 1827; baseline -0.002 -25"><span class='ocrx_word' id='word_1_46' title='bbox 125 1736 162 1802; x_wconf 89' lang='lat' dir='ltr'>et</span> <span class='ocrx_word' id='word_1_47' title='bbox 187 1749 370 1827; x_wconf 80' lang='lat' dir='ltr'>progressu</span> <span class='ocrx_word' id='word_1_48' title='bbox 398 1725 614 1802; x_wconf 82' lang='lat' dir='ltr'>denuntiant.</span> <span class='ocrx_word' id='word_1_49' title='bbox 647 1729 715 1803; x_wconf 90' lang='lat' dir='ltr'>Res</span> <span class='ocrx_word' id='word_1_50' title='bbox 748 1727 873 1826; x_wconf 92' lang='lat' dir='ltr'>quibus</span> <span class='ocrx_word' id='word_1_51' title='bbox 902 1734 1003 1826; x_wconf 84' lang='lat' dir='ltr'>poete</span> <span class='ocrx_word' id='word_1_52' title='bbox 1033 1727 1141 1803; x_wconf 87' lang='lat' dir='ltr'>utitur</span> 
     </span>
     <span class='ocr_line' id='line_1_10' title="bbox 125 1861 1139 1961; baseline -0.001 -24"><span class='ocrx_word' id='word_1_53' title='bbox 125 1861 258 1937; x_wconf 83' lang='lat' dir='ltr'>eaedem</span> <span class='ocrx_word' id='word_1_54' title='bbox 277 1861 349 1938; x_wconf 85' lang='lat' dir='ltr'>fere</span> <span class='ocrx_word' id='word_1_55' title='bbox 368 1869 449 1937; x_wconf 91' lang='lat' dir='ltr'>sunt</span> <span class='ocrx_word' id='word_1_56' title='bbox 473 1870 577 1961; x_wconf 85' lang='lat' dir='ltr'>utque</span> <span class='ocrx_word' id='word_1_57' title='bbox 601 1861 636 1935; x_wconf 91' lang='lat' dir='ltr'>in</span> <span class='ocrx_word' id='word_1_58' title='bbox 656 1861 817 1960; x_wconf 74' lang='lat' dir='ltr'>Sulpiciae</span> <span class='ocrx_word' id='word_1_59' title='bbox 834 1861 1058 1954; x_wconf 82' lang='lat' dir='ltr'>carminibus,</span> <span class='ocrx_word' id='word_1_60' title='bbox 1080 1861 1139 1937; x_wconf 89' lang='lat' dir='ltr'>sed</span> 
     </span>
     <span class='ocr_line' id='line_1_11' title="bbox 125 1995 1138 2094; baseline 0.001 -24"><span class='ocrx_word' id='word_1_61' title='bbox 125 1997 174 2070; x_wconf 83' lang='lat' dir='ltr'>ite</span> <span class='ocrx_word' id='word_1_62' title='bbox 189 1995 360 2094; x_wconf 73' lang='lat' dir='ltr'>dispositae</span> <span class='ocrx_word' id='word_1_63' title='bbox 381 2005 417 2071; x_wconf 84' lang='lat' dir='ltr'>ut</span> <span class='ocrx_word' id='word_1_64' title='bbox 431 2019 474 2072; x_wconf 80' lang='lat' dir='ltr'>ex</span> <span class='ocrx_word' id='word_1_65' title='bbox 486 1996 539 2071; x_wconf 90' lang='lat' dir='ltr'>his</span> <span class='ocrx_word' id='word_1_66' title='bbox 557 2019 643 2094; x_wconf 92' lang='lat' dir='ltr'>opus</span> <span class='ocrx_word' id='word_1_67' title='bbox 662 2005 773 2072; x_wconf 83' lang='lat' dir='ltr'>totum</span> <span class='ocrx_word' id='word_1_68' title='bbox 789 2006 823 2074; x_wconf 90' lang='lat' dir='ltr'>et</span> <span class='ocrx_word' id='word_1_69' title='bbox 844 1997 1036 2072; x_wconf 79' lang='lat' dir='ltr'>absolutum</span> <span class='ocrx_word' id='word_1_70' title='bbox 1053 2019 1138 2073; x_wconf 90' lang='lat' dir='ltr'>con-</span> 
     </span>
     <span class='ocr_line' id='line_1_12' title="bbox 124 2130 1137 2230; baseline 0 -26"><span class='ocrx_word' id='word_1_71' title='bbox 124 2130 241 2206; x_wconf 83' lang='lat' dir='ltr'>fletur.</span> <span class='ocrx_word' id='word_1_72' title='bbox 261 2133 300 2205; x_wconf 93' lang='lat' dir='ltr'>ln</span> <span class='ocrx_word' id='word_1_73' title='bbox 326 2131 439 2228; x_wconf 83' lang='lat' dir='ltr'>prime</span> <span class='ocrx_word' id='word_1_74' title='bbox 466 2131 588 2230; x_wconf 83' lang='lat' dir='ltr'>elegia,</span> <span class='ocrx_word' id='word_1_75' title='bbox 616 2131 768 2208; x_wconf 86' lang='lat' dir='ltr'>secunde</span> <span class='ocrx_word' id='word_1_76' title='bbox 783 2131 909 2208; x_wconf 87' lang='lat' dir='ltr'>seilicet</span> <span class='ocrx_word' id='word_1_77' title='bbox 923 2131 1028 2206; x_wconf 91' lang='lat' dir='ltr'>totius</span> <span class='ocrx_word' id='word_1_78' title='bbox 1044 2130 1137 2222; x_wconf 89' lang='lat' dir='ltr'>iibri,</span> 
     </span>
     <span class='ocr_line' id='line_1_13' title="bbox 126 2264 1140 2364; baseline -0.002 -23"><span class='ocrx_word' id='word_1_79' title='bbox 126 2265 293 2364; x_wconf 83' lang='lat' dir='ltr'>Sulpicia,</span> <span class='ocrx_word' id='word_1_80' title='bbox 311 2266 485 2364; x_wconf 70' lang='lat' dir='ltr'>precipue</span> <span class='ocrx_word' id='word_1_81' title='bbox 505 2267 674 2364; x_wconf 84' lang='lat' dir='ltr'>poematis</span> <span class='ocrx_word' id='word_1_82' title='bbox 689 2289 847 2364; x_wconf 86' lang='lat' dir='ltr'>persona,</span> <span class='ocrx_word' id='word_1_83' title='bbox 865 2265 1061 2364; x_wconf 69' lang='lat' dir='ltr'>depingitur</span> <span class='ocrx_word' id='word_1_84' title='bbox 1073 2264 1140 2339; x_wconf 85' lang='lat' dir='ltr'>huc</span> 
     </span>
     <span class='ocr_line' id='line_1_14' title="bbox 125 2396 1140 2499; baseline -0.003 -25"><span class='ocrx_word' id='word_1_85' title='bbox 125 2400 508 2498; x_wconf 83' lang='lat' dir='ltr'>lepidissimeimagine,</span> <span class='ocrx_word' id='word_1_86' title='bbox 519 2424 598 2499; x_wconf 80' lang='lat' dir='ltr'>quoe</span> <span class='ocrx_word' id='word_1_87' title='bbox 611 2401 850 2476; x_wconf 84' lang='lat' dir='ltr'>notissimeeilli</span> <span class='ocrx_word' id='word_1_88' title='bbox 865 2396 1140 2498; x_wconf 66' lang='lat' dir='ltr'>oetiaeimagiuu</span> 
     </span>
     <span class='ocr_line' id='line_1_15' title="bbox 125 2535 369 2633; baseline -0.008 -23"><span class='ocrx_word' id='word_1_89' title='bbox 125 2558 191 2633; x_wconf 85' lang='lat' dir='ltr'>per</span> <span class='ocrx_word' id='word_1_90' title='bbox 211 2535 369 2611; x_wconf 90' lang='lat' dir='ltr'>ridetur:</span> 
     </span>
    </p>
   </div>
   <div class='ocr_carea' id='block_1_3' title="bbox 205 2765 967 3532">
    <p class='ocr_par' dir='ltr' id='par_1_4' title="bbox 207 2765 899 2945">
     <span class='ocr_line' id='line_1_16' title="bbox 207 2765 879 2846; baseline -0.003 -18"><span class='ocrx_word' id='word_1_91' title='bbox 207 2765 292 2828; x_wconf 89' lang='lat' dir='ltr'>Illius</span> <span class='ocrx_word' id='word_1_92' title='bbox 308 2785 343 2828; x_wconf 83' lang='lat' dir='ltr'>ex</span> <span class='ocrx_word' id='word_1_93' title='bbox 359 2766 466 2846; x_wconf 79' lang='lat' dir='ltr'>oculis,</span> <span class='ocrx_word' id='word_1_94' title='bbox 483 2784 551 2828; x_wconf 89' lang='lat' dir='ltr'>cum</span> <span class='ocrx_word' id='word_1_95' title='bbox 563 2766 627 2827; x_wconf 82' lang='lat' dir='ltr'>vult</span> <span class='ocrx_word' id='word_1_96' title='bbox 640 2783 767 2827; x_wconf 84' lang='lat' dir='ltr'>exurere</span> <span class='ocrx_word' id='word_1_97' title='bbox 784 2765 879 2842; x_wconf 88' lang='lat' dir='ltr'>divos,</span> 
     </span>
     <span class='ocr_line' id='line_1_17' title="bbox 245 2862 899 2945; baseline -0.003 -20"><span class='ocrx_word' id='word_1_98' title='bbox 245 2863 388 2927; x_wconf 82' lang='lat' dir='ltr'>Accendit</span> <span class='ocrx_word' id='word_1_99' title='bbox 402 2864 535 2944; x_wconf 82' lang='lat' dir='ltr'>geminas</span> <span class='ocrx_word' id='word_1_100' title='bbox 547 2863 700 2945; x_wconf 86' lang='lat' dir='ltr'>lampadas</span> <span class='ocrx_word' id='word_1_101' title='bbox 716 2881 784 2925; x_wconf 89' lang='lat' dir='ltr'>acer</span> <span class='ocrx_word' id='word_1_102' title='bbox 796 2862 899 2924; x_wconf 86' lang='lat' dir='ltr'>Amor.</span> 
     </span>
    </p>

    <p class='ocr_par' dir='ltr' id='par_1_5' title="bbox 205 2959 933 3143">
     <span class='ocr_line' id='line_1_18' title="bbox 205 2959 933 3045; baseline -0.004 -21"><span class='ocrx_word' id='word_1_103' title='bbox 205 2961 302 3041; x_wconf 85' lang='lat' dir='ltr'>Illam,</span> <span class='ocrx_word' id='word_1_104' title='bbox 316 2962 463 3045; x_wconf 85' lang='lat' dir='ltr'>quidquid</span> <span class='ocrx_word' id='word_1_105' title='bbox 478 2963 548 3042; x_wconf 82' lang='lat' dir='ltr'>egit,</span> <span class='ocrx_word' id='word_1_106' title='bbox 563 2981 683 3045; x_wconf 90' lang='lat' dir='ltr'>quoquo</span> <span class='ocrx_word' id='word_1_107' title='bbox 696 2961 819 3041; x_wconf 81' lang='lat' dir='ltr'>vestigia</span> <span class='ocrx_word' id='word_1_108' title='bbox 831 2959 933 3037; x_wconf 88' lang='lat' dir='ltr'>movit,</span> 
     </span>
     <span class='ocr_line' id='line_1_19' title="bbox 247 3059 905 3143; baseline -0.003 -21"><span class='ocrx_word' id='word_1_109' title='bbox 247 3059 402 3142; x_wconf 84' lang='lat' dir='ltr'>Componit</span> <span class='ocrx_word' id='word_1_110' title='bbox 414 3061 516 3122; x_wconf 83' lang='lat' dir='ltr'>furtim</span> <span class='ocrx_word' id='word_1_111' title='bbox 531 3059 782 3143; x_wconf 88' lang='lat' dir='ltr'>subsequiturque</span> <span class='ocrx_word' id='word_1_112' title='bbox 797 3059 905 3122; x_wconf 89' lang='lat' dir='ltr'>Decor.</span> 
     </span>
    </p>

    <p class='ocr_par' dir='ltr' id='par_1_6' title="bbox 208 3157 967 3340">
     <span class='ocr_line' id='line_1_20' title="bbox 208 3157 967 3239; baseline -0.004 -18"><span class='ocrx_word' id='word_1_113' title='bbox 208 3157 268 3221; x_wconf 91' lang='lat' dir='ltr'>Seu</span> <span class='ocrx_word' id='word_1_114' title='bbox 281 3159 366 3221; x_wconf 88' lang='lat' dir='ltr'>solvit</span> <span class='ocrx_word' id='word_1_115' title='bbox 379 3160 488 3235; x_wconf 88' lang='lat' dir='ltr'>crines,</span> <span class='ocrx_word' id='word_1_116' title='bbox 505 3159 579 3221; x_wconf 83' lang='lat' dir='ltr'>fusis</span> <span class='ocrx_word' id='word_1_117' title='bbox 592 3160 678 3221; x_wconf 89' lang='lat' dir='ltr'>decet</span> <span class='ocrx_word' id='word_1_118' title='bbox 692 3177 757 3221; x_wconf 88' lang='lat' dir='ltr'>esse</span> <span class='ocrx_word' id='word_1_119' title='bbox 773 3157 888 3239; x_wconf 81' lang='lat' dir='ltr'>capillis</span> <span class='ocrx_word' id='word_1_120' title='bbox 904 3176 911 3218; x_wconf 91' lang='lat'>:</span> <span class='ocrx_word' id='word_1_121' title='bbox 964 3225 967 3230; x_wconf 54' lang='grc'><strong>,</strong></span> 
     </span>
     <span class='ocr_line' id='line_1_21' title="bbox 247 3255 952 3340; baseline -0.006 -20"><span class='ocrx_word' id='word_1_122' title='bbox 247 3256 306 3320; x_wconf 87' lang='lat' dir='ltr'>Seu</span> <span class='ocrx_word' id='word_1_123' title='bbox 319 3257 454 3339; x_wconf 88' lang='lat' dir='ltr'>compsit,</span> <span class='ocrx_word' id='word_1_124' title='bbox 467 3258 594 3340; x_wconf 87' lang='lat' dir='ltr'>comptis</span> <span class='ocrx_word' id='word_1_125' title='bbox 608 3265 652 3320; x_wconf 90' lang='lat' dir='ltr'>est</span> <span class='ocrx_word' id='word_1_126' title='bbox 664 3257 833 3320; x_wconf 88' lang='lat' dir='ltr'>veneranda</span> <span class='ocrx_word' id='word_1_127' title='bbox 849 3255 952 3318; x_wconf 89' lang='lat' dir='ltr'>comis.</span> 
     </span>
    </p>

    <p class='ocr_par' dir='ltr' id='par_1_7' title="bbox 206 3353 854 3438">
     <span class='ocr_line' id='line_1_22' title="bbox 206 3353 854 3438; baseline -0.008 -19"><span class='ocrx_word' id='word_1_128' title='bbox 206 3353 283 3432; x_wconf 83' lang='lat' dir='ltr'>Urit,</span> <span class='ocrx_word' id='word_1_129' title='bbox 300 3375 352 3418; x_wconf 90' lang='lat' dir='ltr'>seu</span> <span class='ocrx_word' id='word_1_130' title='bbox 367 3355 453 3438; x_wconf 76' lang='lat' dir='ltr'>Tyria</span> <span class='ocrx_word' id='word_1_131' title='bbox 467 3357 560 3418; x_wconf 88' lang='lat' dir='ltr'>voluit</span> <span class='ocrx_word' id='word_1_132' title='bbox 575 3355 743 3438; x_wconf 87' lang='lat' dir='ltr'>procedere</span> <span class='ocrx_word' id='word_1_133' title='bbox 752 3354 831 3438; x_wconf 86' lang='lat' dir='ltr'>palla</span> <span class='ocrx_word' id='word_1_134' title='bbox 847 3373 854 3414; x_wconf 95' lang='lat'><strong>:</strong></span> 
     </span>
    </p>

    <p class='ocr_par' dir='ltr' id='par_1_8' title="bbox 214 3441 834 3532">
     <span class='ocr_line' id='line_1_23' title="bbox 214 3441 834 3532; baseline -0.008 -14"><span class='ocrx_word' id='word_1_135' title='bbox 214 3441 217 3445; x_wconf 53' lang='grc'><strong>’</strong></span> <span class='ocrx_word' id='word_1_136' title='bbox 247 3454 323 3532; x_wconf 90' lang='lat' dir='ltr'>Urit,</span> <span class='ocrx_word' id='word_1_137' title='bbox 339 3473 392 3516; x_wconf 91' lang='lat' dir='ltr'>seu</span> <span class='ocrx_word' id='word_1_138' title='bbox 406 3455 494 3516; x_wconf 87' lang='lat' dir='ltr'>nivea</span> <span class='ocrx_word' id='word_1_139' title='bbox 507 3455 634 3517; x_wconf 79' lang='lat' dir='ltr'>candida</span> <span class='ocrx_word' id='word_1_140' title='bbox 646 3460 727 3515; x_wconf 88' lang='lat' dir='ltr'>veste</span> <span class='ocrx_word' id='word_1_141' title='bbox 742 3453 834 3515; x_wconf 88' lang='lat' dir='ltr'>venit.</span> 
     </span>
    </p>
   </div>
   <div class='ocr_carea' id='block_1_4' title="bbox 207 3650 903 3829">
    <p class='ocr_par' dir='ltr' id='par_1_9' title="bbox 207 3650 903 3829">
     <span class='ocr_line' id='line_1_24' title="bbox 207 3650 903 3733; baseline -0.006 -19"><span class='ocrx_word' id='word_1_142' title='bbox 207 3651 275 3714; x_wconf 85' lang='lat' dir='ltr'>Sole</span> <span class='ocrx_word' id='word_1_143' title='bbox 290 3651 457 3733; x_wconf 83' lang='lat' dir='ltr'>puellarum</span> <span class='ocrx_word' id='word_1_144' title='bbox 470 3652 560 3730; x_wconf 86' lang='lat' dir='ltr'>digna</span> <span class='ocrx_word' id='word_1_145' title='bbox 575 3658 631 3729; x_wconf 88' lang='lat' dir='ltr'>est,</span> <span class='ocrx_word' id='word_1_146' title='bbox 646 3653 692 3712; x_wconf 87' lang='lat' dir='ltr'>cui</span> <span class='ocrx_word' id='word_1_147' title='bbox 710 3650 811 3712; x_wconf 87' lang='lat' dir='ltr'>mollia</span> <span class='ocrx_word' id='word_1_148' title='bbox 826 3650 903 3711; x_wconf 87' lang='lat' dir='ltr'>caris</span> 
     </span>
     <span class='ocr_line' id='line_1_25' title="bbox 247 3747 894 3829; baseline -0.005 -17"><span class='ocrx_word' id='word_1_149' title='bbox 247 3748 366 3813; x_wconf 83' lang='lat' dir='ltr'>Vellere</span> <span class='ocrx_word' id='word_1_150' title='bbox 378 3749 429 3812; x_wconf 84' lang='lat' dir='ltr'>dat</span> <span class='ocrx_word' id='word_1_151' title='bbox 442 3748 538 3812; x_wconf 90' lang='lat' dir='ltr'>succis</span> <span class='ocrx_word' id='word_1_152' title='bbox 554 3749 599 3812; x_wconf 91' lang='lat' dir='ltr'>his</span> <span class='ocrx_word' id='word_1_153' title='bbox 615 3748 778 3811; x_wconf 81' lang='lat' dir='ltr'>madefacta</span> <span class='ocrx_word' id='word_1_154' title='bbox 792 3747 894 3829; x_wconf 70' lang='lat' dir='ltr'>Tyros</span> 
     </span>
    </p>
   </div>
   <div class='ocr_carea' id='block_1_5' title="bbox 123 3965 1137 4230">
    <p class='ocr_par' dir='ltr' id='par_1_10' title="bbox 123 3965 1137 4230">
     <span class='ocr_line' id='line_1_26' title="bbox 162 3965 1137 4056; baseline 0 -19"><span class='ocrx_word' id='word_1_155' title='bbox 162 3983 187 4038; x_wconf 86' lang='lat'>1.</span> <span class='ocrx_word' id='word_1_156' title='bbox 209 3982 296 4056; x_wconf 90' lang='lat' dir='ltr'>Hujus</span> <span class='ocrx_word' id='word_1_157' title='bbox 311 3982 422 4056; x_wconf 81' lang='lat' dir='ltr'>generis</span> <span class='ocrx_word' id='word_1_158' title='bbox 434 3990 497 4040; x_wconf 91' lang='lat' dir='ltr'>sunt</span> <span class='ocrx_word' id='word_1_159' title='bbox 511 3982 585 4056; x_wconf 87' lang='lat' dir='ltr'>apud</span> <span class='ocrx_word' id='word_1_160' title='bbox 599 3981 766 4040; x_wconf 88' lang='lat' dir='ltr'>recentiores</span> <span class='ocrx_word' id='word_1_161' title='bbox 777 3981 901 4056; x_wconf 79' lang='lat' dir='ltr'>epistolae</span> <span class='ocrx_word' id='word_1_162' title='bbox 914 3981 1058 4053; x_wconf 78' lang='lat' dir='ltr'>Holoisiae,</span> <span class='ocrx_word' id='word_1_163' title='bbox 1075 3965 1088 4037; x_wconf 70' lang='lat' dir='ltr'>r</span> <span class='ocrx_word' id='word_1_164' title='bbox 1103 3981 1137 4038; x_wconf 87' lang='lat' dir='ltr'>de</span> 
     </span>
     <span class='ocr_line' id='line_1_27' title="bbox 123 4073 815 4147; baseline -0.003 -17"><span class='ocrx_word' id='word_1_165' title='bbox 123 4073 154 4130; x_wconf 85' lang='lat' dir='ltr'>lo</span> <span class='ocrx_word' id='word_1_166' title='bbox 165 4073 326 4145; x_wconf 77' lang='lat' dir='ltr'>Rcltpieuse</span> <span class='ocrx_word' id='word_1_167' title='bbox 336 4075 542 4147; x_wconf 60' lang='lat' dir='ltr'>portuportu»</span> <span class='ocrx_word' id='word_1_168' title='bbox 557 4073 612 4131; x_wconf 75' lang='lat' dir='ltr'>cde</span> <span class='ocrx_word' id='word_1_169' title='bbox 624 4073 686 4133; x_wconf 73' lang='lat' dir='ltr'>Mne</span> <span class='ocrx_word' id='word_1_170' title='bbox 700 4073 815 4132; x_wconf 65' lang='lat' dir='ltr'>Atsse&#39;.»</span> 
     </span>
     <span class='ocr_line' id='line_1_28' title="bbox 161 4161 348 4230; baseline 0.005 -13"><span class='ocrx_word' id='word_1_171' title='bbox 161 4161 189 4217; x_wconf 55' lang='grc' dir='ltr'>ἓ.</span> <span class='ocrx_word' id='word_1_172' title='bbox 210 4161 231 4230; x_wconf 90' lang='lat'>1,</span> <span class='ocrx_word' id='word_1_173' title='bbox 249 4162 261 4216; x_wconf 83' lang='lat' dir='ltr'>t</span> <span class='ocrx_word' id='word_1_174' title='bbox 279 4170 307 4220; x_wconf 88' lang='lat' dir='ltr'>et</span> <span class='ocrx_word' id='word_1_175' title='bbox 321 4163 348 4218; x_wconf 72' lang='lat'>2.</span> 
     </span>
    </p>
   </div>
   <div class='ocr_carea' id='block_1_6' title="bbox 0 0 1526 5090">
    <p class='ocr_par' dir='ltr' id='par_1_11' title="bbox 0 0 1526 5090">
     <span class='ocr_line' id='line_1_29' title="bbox 0 0 1526 5090; baseline 0 0"><span class='ocrx_word' id='word_1_176' title='bbox 0 0 1526 5090; x_wconf 95' lang='lat' dir='ltr'> </span> 
     </span>
    </p>
   </div>
  </div>
 </body>
</html>
