3044 5090
784 601 963 674 ..qq-

412 781 498 869 Quae
512 800 595 854 vero
609 776 713 853 luerit
731 775 789 850 illa
803 773 956 872 Sulpicia
974 772 1207 871 exquiramus.
1226 770 1381 846 Brouck-

364 905 506 1004 huysius
531 903 690 980 eamdem
718 923 792 978 esse
822 907 919 998 putat
948 921 1054 996 quam
1084 904 1254 974 memorat
1282 897 1379 970 liar·
1490 919 1491 930 ¹

366 1037 454 1113 lialis
476 1063 483 1111 :

566 1329 676 1395 Omnes
693 1329 855 1413 Sulpiciam
870 1327 969 1410 legant
983 1327 1089 1411 puellae

565 1427 622 1494 Uni
639 1447 703 1512 quae
719 1429 843 1511 cupiunt
855 1432 919 1492 uiro
935 1429 1062 1509 placere.

567 1525 692 1591 Omnem
709 1526 874 1610 Sulpiciam
886 1525 987 1606 legant
1001 1523 1115 1600 mariti,

566 1626 624 1691 Uui
640 1625 689 1709 qui
706 1624 829 1707 cupiunt
843 1625 962 1707 plaeere
974 1629 1083 1706 nuptae.
1157 1641 1158 1644 ’

564 1823 656 1902 Cujus
672 1822 805 1884 carmina
816 1821 867 1904 qui
882 1820 959 1883 bene
971 1818 1135 1899 aestimarit,

565 1919 682 1981 Nullam
696 1919 806 1982 dixerit
820 1938 886 1983 esse
901 1919 1087 2000 nequiorem,

566 2017 684 2081 Nullam
700 2018 808 2081 dixerit
823 2036 889 2081 esse
903 2017 1083 2081 sanctiorem
1095 2017 1116 2078 ¹.

413 2319 464 2394 De
491 2339 562 2416 qua
588 2315 758 2392 Ausonius
780 2324 908 2416 magna
943 2338 1023 2391 cum
1059 2315 1217 2391 libertate
1243 2313 1377 2391 dicebat
1494 2309 1495 2316 '

374 2451 540 2549 «prurire
557 2449 760 2547 opusculum
778 2449 954 2546 Sulpiciae,
973 2449 1122 2524 frontem
1136 2448 1334 2546 caperarai.
1352 2477 1367 2516 o

366 2584 527 2660 Carmina
540 2607 620 2660 vero
640 2584 697 2659 illa
712 2584 832 2660 Caleni
852 2584 966 2658 mariti
988 2606 1115 2660 nomeu
1131 2581 1371 2682 preferebant,

367 2742 450 2793 nam
475 2726 645 2794 memorat
669 2718 832 2793 Sidonius
856 2717 1059 2816 Apollinaris
1094 2748 1111 2786 «
1139 2718 1233 2817 quod
1259 2717 1373 2815 Sulpi-

368 2855 430 2929 ciae
464 2853 564 2952 jocus
597 2853 728 2928 Thaliae
765 2853 901 2950 scripsit
930 2853 1190 2950 blandiloquum
1225 2875 1285 2928 suo
1309 2854 1373 2927 Ca·

364 2988 444 3064 leno
457 2986 481 3061 ³.
509 3017 525 3054 u
565 2989 722 3076 Quorum
753 2987 879 3064 senarii
910 2986 980 3063 duo
1013 3011 1131 3065 versus
1164 2996 1311 3078 exstent,
1341 2993 1371 3060 et

307 3099 311 3110 ⁵
367 3121 611 3219 procacissimi,
637 3123 773 3197 aValla
803 3123 935 3198 collecti
948 3121 975 3196 ⁴.

415 3256 575 3354 Sulpiciae
600 3258 790 3355 praesertim
816 3281 942 3334 nomen
973 3257 1090 3334 ierunt
1113 3266 1148 3334 et
1177 3258 1291 3335 eidem
1315 3256 1371 3333 tri·

366 3391 524 3468 buuntur
540 3391 757 3493 septuaginta
776 3416 894 3468 versus
920 3392 1126 3485 hexametri,
1146 3393 1272 3492 quibus
1294 3393 1372 3469 Sal-

360 3529 464 3624 picioe
495 3528 600 3604 sotim
631 3527 750 3603 titulus
780 3535 844 3603 est.
871 3528 909 3602 Iu
929 3527 982 3602 his
1014 3529 1122 3604 multo
1148 3551 1230 3603 cum
1254 3528 1372 3606 robora

404 3859 429 3914 l.
450 3854 482 3926 X,
495 3859 539 3926 35,
559 3859 583 3927 l,
595 3875 668 3932 sqq.;
680 3859 714 3915 oi.
728 3859 834 3930 id.,38,
848 3860 874 3929 l,
889 3877 949 3933 sqq.

403 3946 430 4001 l.
452 3947 523 4014 llll,
539 3947 721 4020 Gentoaapt.

403 4035 430 4090 3.
453 4036 559 4104 Germ„
573 4036 617 4104 IX,
630 4036 693 4106 262,
710 4055 768 4110 sqq.

403 4123 428 4179 l.
452 4124 542 4181 Schol.
560 4124 587 4180 in
600 4124 708 4196 Juven.‚
721 4125 765 4193 Vl,
779 4125 841 4185 537.
