3044 5090
575 621 753 694 ..43-

155 795 327 884 ostendit;
349 794 449 870 deam
462 795 535 893 ipse
546 802 708 893 precatur
726 817 768 872 ne
786 795 991 872 divellantur
1004 801 1172 887 amantes,

159 929 222 1004 etsi
241 936 354 1003 mator
371 927 522 1004 studiosa
538 936 626 1003 natae
643 928 751 1003 alium
763 951 920 1005 amorem
935 928 1071 1027 jubeat.

209 1063 247 1138 Si
258 1061 636 1160 nuneedposteriorem
646 1061 770 1142 seriem
781 1062 975 1154 veniamus,
986 1063 1175 1162 Sulpiciam

159 1198 195 1272 in
224 1196 371 1294 septimo
403 1195 556 1271 carmine
585 1196 753 1283 videmus,
772 1197 908 1294 expleto
932 1205 1007 1296 post
1036 1197 1174 1298 longam

160 1331 449 1429 exspectationem
464 1351 547 1431 erga
561 1329 766 1406 Corinthum
778 1353 911 1423 amore,
924 1331 1131 1429 gaudentem
1141 1341 1176 1408 et

165 1497 182 1535 «
198 1488 358 1564 peccasse
373 1465 554 1564 juvantem
571 1469 579 1504 ¹
595 1489 605 1561 3
628 1496 645 1534 »
674 1466 709 1540 in
725 1473 847 1541 octavo
862 1474 1066 1543 moerentem
1082 1467 1175 1565 quod

160 1607 302 1701 propter
316 1599 490 1676 «invisum
505 1599 675 1676 natalem⁹
693 1629 708 1667 α
726 1622 785 1675 rus
802 1623 839 1677 se
857 1599 1015 1684 conferre
1032 1600 1169 1676 debeat.

160 1739 198 1810 ln
214 1757 306 1811 nono
321 1733 405 1809 iilud
427 1734 492 1810 iter
516 1763 532 1801 «
556 1757 598 1810 ex
618 1733 735 1809 animo
757 1734 966 1810 sublatum»
992 1733 1003 1772 ³
1022 1742 1057 1809 et
1080 1742 1175 1810 nata-

158 1870 229 1946 lem
250 1890 353 1942 snum
370 1871 491 1946 Romae
509 1867 676 1944 celebrari
699 1892 799 1967 posse
816 1868 947 1971 amanti
966 1869 1115 1944 nuntiat.
1137 1871 1174 1943 ln

158 2004 310 2098 decime,
322 2003 438 2078 invida
451 2011 484 2080 et
497 2027 675 2104 arrogans,
691 2004 896 2079 Cerinthnm
907 2005 1069 2104 objurgat
1082 2003 1172 2102 quod

159 2137 285 2236 maj0ri
300 2160 393 2213 curae
402 2138 520 2236 juveni
538 2138 580 2212 sit
602 2167 618 2206 c
636 2159 793 2236 pressum
811 2137 956 2235 quasillo
969 2137 1167 2212 scortum⁴a

159 2305 268 2380 quam
297 2309 314 2348 «
335 2279 432 2356 Servi
460 2279 531 2354 filia
561 2278 756 2378 Sulpicia¹⁵,
785 2310 801 2347 »
837 2279 921 2354 dum
951 2279 1006 2354 ilie
1039 2278 1176 2378 ignotus

159 2417 203 2492 sit
223 2423 257 2490 et
280 2414 368 2490 vilis.
397 2415 436 2488 In
460 2413 655 2505 undecimo,
682 2411 767 2488 febri
793 2413 967 2503 laborans,
997 2421 1174 2490 amantem

160 2547 419 2626 misericordem
441 2571 515 2622 esse
535 2547 654 2646 juhet3
679 2547 713 2621 in
736 2546 941 2622 duodecimo
961 2545 1110 2645 denique
1138 2571 1175 2624 se

160 2694 304 2762 excusat
322 2684 414 2784 quod
441 2712 457 2750 «
472 2682 574 2756 stulta
584 2680 752 2780 juventa6
774 2708 791 2753 r
818 2689 994 2756 amantem
1013 2681 1175 2758 hesterna

161 2828 276 2909 nocte,
296 2818 419 2894 febrim
440 2817 656 2893 dissimulare
676 2815 830 2914 cupiens,
846 2815 959 2889 solum
978 2815 1171 2912 reliquerit.

208 2959 246 3030 ln
263 2955 374 3054 elegia
387 2952 540 3029 secunda
559 2951 638 3025 libri
653 2949 810 3040 secundi,
828 2973 896 3025 non
909 2950 983 3048 jam
1006 2948 1170 3046 Sulpicia,

160 3089 218 3164 sed
241 3089 410 3180 Tibullus,
431 3096 469 3163 ut
490 3087 638 3175 videtur,
666 3085 823 3176 Cornuti,
849 3084 976 3160 scilicet
1003 3082 1172 3172 Corinthi,

159 3223 311 3298 natalem
334 3223 496 3298 celebrat.
536 3221 610 3296 Non
641 3219 714 3319 jam
751 3219 935 3295 Corinthus
958 3217 1094 3316 ignotus
1117 3217 1176 3292 ille

158 3358 297 3458 juvenis
328 3364 378 3434 est
399 3355 500 3453 cujus
525 3354 640 3430 illicito
672 3376 791 3429 amore
815 3352 968 3451 Sulpicia
989 3351 1171 3450 flagrabat,

200 3736 226 3791 1.
247 3733 288 3804 m,
305 3735 331 3804 7,
347 3736 373 3792 e.

198 3826 224 3881 a.
246 3823 289 3893 iv,
305 3827 332 3893 a,
348 3826 372 3880 r.

199 3915 225 3972 3.
246 3913 289 3984 iv,
304 3915 330 3982 a,
349 3915 373 3969 1.

200 4005 226 4059 a.
246 4002 290 4072 rr,
308 4003 352 4072 ιο,
366 4005 421 4060 aa.

199 4093 226 4149 a.
246 4092 290 4160 iv,
306 4092 349 4162 10,
365 4093 391 4146 a.

199 4182 226 4238 e.
247 4182 291 4251 ιν,
308 4182 352 4251 m,
366 4181 391 4238 e.
