3044 5090
568 614 745 684 ..71...

147 787 254 886 pressi
270 788 372 887 plone
384 787 538 887 Glyceree
553 786 600 861 illi
613 788 833 879 conveniunt,
851 811 957 887 quem
968 789 1002 862 in
1018 789 1159 864 Horatio

154 923 351 999 «immitem
367 952 383 991 o
399 931 435 997 et
448 945 572 1018 parurn
585 921 690 998 fidem
704 921 873 1011 ridemus.
890 923 940 1015 Si,
959 937 997 997 ut
1016 945 1154 1015 censeo,

148 1057 191 1133 od
205 1080 282 1134 eoru
299 1056 417 1154 clegioe
432 1057 499 1132 illoe
516 1057 704 1155 pertinent,
727 1041 802 1154 post
827 1055 870 1132 de
896 1057 991 1133 Delie
1016 1064 1051 1131 et
1079 1063 1160 1132 ente

148 1193 192 1269 de
214 1191 350 1267 Nemesi
377 1191 534 1266 carmina
559 1198 641 1265 suut
669 1191 885 1289 conscriptes,
909 1214 1003 1281 uem,
1037 1200 1075 1266 ul
1100 1213 1163 1266 uos

150 1325 283 1401 monuit
297 1324 471 1416 Ovidius¹‚
487 1323 583 1400 Delio
616 1325 792 1423 «primus
812 1348 923 1415 umor,
955 1352 972 1397 o
1008 1325 1163 1402 Nemesis

156 1491 173 1528 o
196 1482 281 1536 curu
303 1481 424 1551 recens
448 1488 465 1527 »
485 1467 595 1556 poetro
614 1457 769 1533 luerunt.

198 1595 236 1667 lu
255 1591 490 1669 tertiodecimo
508 1592 658 1690 primum
675 1592 781 1689 spirat
801 1591 928 1666 ardens
943 1591 1101 1690 quoederu
1128 1601 1163 1668 et

149 1727 304 1826 inquiete
315 1726 530 1825 cupidoquae
546 1727 656 1801 multu
671 1726 701 1801 vi
720 1726 947 1823 exprimitur:

229 1931 316 1995 Nulla
328 1939 413 1994 tuum
426 1930 512 1994 uobis
525 1931 670 1994 subducet
683 1931 796 1995 femina
808 1931 919 1994 lectum
936 1952 944 1992 :

271 2031 334 2093 Hoc
349 2031 478 2112 primum
490 2031 594 2112 juncta
607 2037 651 2092 cst
664 2029 777 2093 loedere
793 2039 893 2092 nostra
908 2030 1018 2095 Venus.

231 2130 275 2192 Tu
291 2128 363 2189 mihi
379 2127 442 2191 sola
456 2127 568 2209 places,
585 2145 641 2190 nec
653 2129 714 2209 jaro
730 2135 759 2189 le
773 2137 880 2209 praeter
893 2127 923 2188 in
939 2127 1013 2190 urbe

270 2227 414 2289 Formosa
428 2233 473 2288 est
485 2225 580 2288 oculis
593 2225 655 2287 ulla
668 2223 769 2306 puella
785 2225 873 2287 meis.

229 2326 325 2407 Atque
340 2324 453 2386 utinam
467 2342 569 2405 posses
585 2324 637 2385 uui
652 2323 725 2384 milri
739 2322 818 2385 bella
830 2322 943 2384 videri!

269 2423 433 2504 Displiceas
448 2422 516 2486 aliis
533 2442 540 2484 :
557 2421 600 2484 sic
615 2441 671 2502 ego
686 2427 766 2484 tutus
779 2440 841 2484 ero.

230 2522 277 2586 Nil
294 2540 369 2604 opus
384 2520 496 2583 invidio
511 2527 566 2599 est,
580 2520 685 2602 procul
698 2519 775 2584 absit
789 2519 883 2600 gloria
898 2519 976 2599 vulgi
994 2540 1001 2580 ι

270 2619 328 2695 Qui
342 2619 419 2702 sapit
433 2618 463 2681 iu
479 2619 569 2683 tacito
583 2619 713 2705 gaudeot
728 2618 778 2681 ille
794 2619 893 2680 sinu'.

198 2821 236 2893 lu
257 2818 310 2893 his
326 2817 480 2893 versibus
501 2824 611 2915 poetee
633 2816 795 2890 timorem
811 2823 844 2890 et
864 2815 1029 2891 invidiam
1044 2816 1164 2891 velatis

150 2953 262 3029 verbis
272 2975 432 3051 expresse
442 2950 558 3027 videre
578 2957 646 3041 esl3
665 2949 856 3025 cumcuim
882 2950 924 3023 sit
950 2949 1161 3048 provectiore

147 3088 235 3186 jam,
253 3095 288 3162 ut
311 3086 460 3177 violetur,
482 3093 583 3161 celate
600 3107 705 3183 quom
721 3083 878 3184 Glycera,
897 3083 1037 3158 rivalem
1054 3083 1164 3160 refor-

151 3221 260 3296 midat
283 3228 318 3297 et
341 3243 382 3297 eo
410 3220 521 3319 magis
546 3220 713 3318 puellam,
734 3242 812 3317 quae
835 3219 910 3318 jam
927 3217 1109 3318 fatigatum
1130 3228 1165 3293 et

150 3379 282 3454 aegruur
309 3355 467 3430 aniururu
495 3353 624 3428 mulcet
648 3359 862 3449 recreetque,
887 3360 988 3449 poete
1014 3352 1161 3426 retinere

154 3498 315 3581 conatur,
345 3512 408 3565 nec
422 3501 539 3564 lemen
561 3484 1033 3586 ejuscoostautioecoulidil:

234 3679 278 3742 Tu
294 3678 368 3742 milri
383 3696 524 3741 curarum
537 3676 670 3759 requies,
688 3681 719 3736 tu
733 3680 820 3736 uocte
831 3672 877 3734 vel
892 3680 958 3735 atra

273 3777 401 3856 Lumen,
417 3782 447 3839 el
460 3775 492 3838 iu
508 3774 580 3838 solis
596 3783 626 3836 tu
644 3771 719 3836 mihi
734 3769 823 3834 turbe
836 3769 938 3834 locis³.

190 4002 215 4056 l.
236 3999 297 4055 Vid.
314 4014 408 4073 supra,
423 4015 450 4071 p.
465 3994 509 4052 tu.

188 4089 214 4146 2.
236 4088 338 4158 1v‚13,
354 4090 367 4144 1
385 4104 445 4161 sqq.

189 4179 216 4236 3.
237 4177 281 4247 lV,
300 4177 345 4249 13,
361 4177 453 4233 lt-tl.
