3044 5090
585 657 740 726 „5-

204 835 362 932 longum
386 833 429 907 sit
454 843 659 932 argumenta
687 837 891 914 contrahere
925 841 1051 938 quibus
1080 867 1165 941 pro-

155 967 269 1063 prium
290 967 434 1064 quisque
454 969 667 1066 propositum
683 971 740 1069 adj
748 971 835 1060 uvit;
853 973 935 1047 satis
954 975 989 1048 in
1007 979 1166 1074 praescnti

156 1100 291 1175 habebo
308 1123 480 1198 exponere
498 1103 582 1200 quid
610 1103 837 1178 certissimum
859 1107 972 1207 colligi
997 1111 1101 1206 possit
1123 1111 1168 1188 de

154 1257 291 1309 summa
312 1235 416 1309 totius
443 1235 693 1333 disputationis,
720 1238 850 1314 scilieet
871 1237 914 1314 de
933 1239 1002 1316 fide
1022 1265 1169 1341 operum

154 1390 233 1464 quae
260 1367 384 1441 Tibulli
404 1389 529 1443 nomon
559 1367 763 1466 praeierunt.
793 1371 929 1447 Primus
946 1382 981 1448 et
1000 1376 1170 1453 secundus

156 1500 242 1576 liber
264 1510 375 1599 poetae
394 1500 542 1576 adscribi
559 1512 701 1601 possunt
716 1512 751 1578 ct
764 1505 808 1578 ab
827 1527 869 1580 eo
886 1506 958 1582 sine
977 1509 1171 1586 dubiosunt

155 1635 259 1724 editi;
280 1635 415 1725 tertius,
440 1636 484 1710 ab
501 1637 663 1711 omuibus
687 1637 758 1713 fere
780 1639 889 1714 doctis
914 1641 1167 1739 abjudicatus¹,

155 1769 331 1867 Lygdamo
345 1769 699 1846 cuidanritribuitur.
722 1773 821 1862 Quod
842 1796 924 1849 vero
946 1774 989 1850 ad
1009 1786 1169 1874 quartum

155 1902 290 1996 attinet,
307 1904 485 1978 sententiae
511 1904 600 1980 inter
613 1928 649 1980 se
669 1906 767 1982 valde
787 1906 1018 2005 discrepantes
1030 1912 1171 2008 prolata

155 2046 249 2128 sunt,
264 2060 329 2111 nec
341 2037 436 2135 parri
455 2037 579 2114 laboris
597 2047 648 2115 est
666 2040 757 2116 inter
769 2042 943 2139 proposita
954 2045 1171 2141 praestantis-

154 2171 322 2246 simorum
346 2171 528 2246 hominurn
551 2173 756 2249 auctoritate
781 2174 867 2249 fulta
893 2175 1056 2268 deligere.
1083 2180 1173 2253 Sunt

155 2305 246 2380 inter
264 2303 380 2379 doctos
404 2305 462 2403 qui
490 2314 601 2381 totum
630 2306 727 2382 illurn
759 2307 886 2382 librum
914 2309 1048 2385 Tibullo
1069 2311 1171 2385 attri··

156 2438 278 2525 buant,
298 2448 374 2512 sunt
391 2440 450 2537 qui
476 2448 589 2514 toturn
607 2440 823 2541 abjudicent,
839 2451 920 2516 sunt
946 2443 1006 2542 qui
1023 2445 1077 2519 vel
1096 2447 1171 2543 plus

153 2574 207 2648 vel
228 2573 346 2646 minus
369 2575 564 2649 carminum
592 2575 719 2673 quibus
751 2585 884 2652 constet
911 2576 1093 2654 admittant
1112 2589 1172 2655 aut

154 2707 325 2805 rejiciant.
343 2709 393 2782 llli
411 2709 515 2806 igitur
533 2719 657 2808 quarto
674 2709 761 2785 libro
779 2709 992 2801 incumbam,
1005 2721 1078 2786 tum
1093 2715 1173 2811 quia

156 2842 308 2916 marinna
327 2842 370 2918 do
392 2866 462 2939 quo
481 2843 666 2941 disputatio
687 2852 721 2917 et
736 2842 906 2919 dubitatio
921 2852 984 2936 est,
1001 2853 1074 2919 turn
1088 2849 1170 2945 quia

151 2976 187 3049 in
216 2985 288 3051 toto
313 2985 425 3074 poetae
449 3000 553 3073 opere
589 2978 679 3051 nulla
710 2979 777 3052 alia
799 3001 877 3074 pars
908 2987 958 3054 est
983 2979 1040 3053 cui
1062 2980 1174 3078 major

158 3133 244 3185 cura
264 3110 461 3186 adhibenda
479 3112 533 3185 sit.
568 3111 736 3201 Quaedanr
761 3113 795 3185 in
814 3135 855 3187 eo
875 3120 955 3186 sunt
969 3113 1171 3207 mediocria,

154 3241 225 3318 lere
267 3243 379 3319 tirone
428 3244 580 3342 quodam
606 3245 731 3344 digna;
762 3253 841 3319 sunt
864 3247 964 3343 plura
987 3247 1118 3344 optima
1138 3254 1172 3321 et

155 3377 291 3452 eximiae
308 3379 403 3468 artis,
426 3379 478 3453 vol
495 3380 610 3475 lepore
635 3380 688 3454 vel
711 3379 862 3476 quodam
892 3379 1027 3455 fervore
1046 3379 1173 3454 ancoris

152 3511 256 3609 plena
269 3519 304 3587 ot
324 3512 422 3610 quasi
437 3512 622 3588 llammam
642 3535 736 3587 norro
751 3513 856 3588 otiam
871 3512 1047 3609 spirantia.

202 3743 225 3797 l.
247 3740 325 3798 Solus
338 3741 362 3798 Μ
367 3785 372 3797 .
388 3743 431 3799 W.
441 3742 508 3800 Tuss
524 3743 552 3799 in
568 3742 753 3817 disputatione
767 3746 810 3801 De
822 3743 979 3815 ereptorum
1000 3743 1074 3800 libro
1091 3759 1172 3816 quem

162 3830 302 3904 tyndarei
313 3847 368 3890 esse
381 3835 495 3904 potant,
513 3832 682 3902 llonasterii,
695 3833 773 3901 1867,
786 3831 933 3901 contendit,
947 3833 996 3889 sed
1005 3832 1174 3890 tenuissimis

159 3921 339 3994 argumentis,
351 3921 453 3978 librum
466 3921 575 3979 Tibullo
589 3922 766 3979 tribuendum
781 3939 851 3979 esse.

195 4009 221 4064 T.
242 4007 279 4068 lle
295 4011 441 4084 Lygdamo,
461 4010 515 4069 vid.
530 4011 611 4081 inira,
625 4029 653 4086 p.
666 4011 710 4068 15.

556 4253 558 4261 t
582 4257 741 4264 ----.-
