3044 5090
804 661 848 674 ..
870 620 915 692 aa
936 659 981 674 ..

388 763 509 842 [ortior
525 773 642 842 tamen
654 772 688 840 et
701 764 736 840 in
748 773 823 841 arte
839 763 1054 864 praestantior
1071 763 1277 864 aegritudine
1291 763 1402 841 factus

388 907 464 976 crat
474 899 618 1000 ejusque
627 899 802 998 ingenium
814 898 1051 996 experimento
1066 897 1269 974 invaluerat.
1283 899 1402 988 Qualis

384 1034 426 1108 sit
452 1033 636 1108 mulierum
667 1040 701 1108 et
722 1031 857 1106 animus
880 1040 914 1108 et
940 1031 1071 1108 indoles
1090 1032 1165 1130 jam
1192 1033 1256 1108 scit
1276 1033 1399 1130 perite,

386 1165 478 1268 quod
488 1167 630 1241 omnino
641 1168 675 1240 iu
689 1166 810 1264 primis
819 1165 1030 1242 carminibus
1041 1166 1238 1266 ignoratae
1250 1189 1401 1265 cumque

385 1313 541 1368 amorem
560 1292 635 1390 jam
664 1315 732 1367 non
757 1291 937 1390 proprium
957 1290 1019 1367 sed
1035 1290 1188 1368 alienum
1214 1289 1397 1381 describat,

387 1435 457 1501 tam
471 1425 620 1502 liborum
638 1434 751 1502 serrat
770 1425 926 1502 animum
941 1435 978 1500 ut
995 1448 1127 1517 sensus,
1149 1448 1237 1525 quos
1254 1426 1351 1502 testis
1369 1434 1401 1501 et

386 1561 542 1638 conscius
553 1560 660 1651 novit,
676 1560 812 1658 penitus
826 1560 1037 1658 introspiciat
1054 1569 1088 1635 et
1104 1560 1295 1636 describat.

435 1696 671 1772 Seriestamen
682 1695 849 1792 posterior
859 1695 966 1794 magis
978 1695 1082 1771 otiam
1096 1717 1158 1770 nos
1171 1694 1400 1771 movetdelec-

385 1837 518 1928 totque,
549 1851 628 1904 nam
661 1853 817 1906 amorem
847 1829 1025 1906 ardentem
1055 1838 1091 1906 et
1119 1853 1240 1905 verum
1267 1829 1402 1904 omissis

385 1963 526 2039 omnino
542 1963 919 2064 iurisambagibusque,
938 1974 971 2039 et
982 1963 1353 2064 ingenuamscribendi
1369 1972 1401 2038 et
1488 1932 1489 1994 ἰ

384 2096 775 2180 renusfaciendiauem
786 2097 947 2174 ostendit.
963 2099 1216 2198 Multaquoque
1229 2107 1312 2174 sunt
1323 2099 1401 2173 vitia
1488 2083 1489 2116 ³

385 2257 463 2332 quae
482 2233 688 2330 imperitiam
701 2235 873 2332 arguunt.
893 2232 1093 2308 Carminum
1110 2233 1260 2308 conditio
1276 2234 1400 2332 saepius

386 2368 480 2443 haud
492 2370 662 2444 concinna
671 2393 680 2458 ;
693 2390 812 2479 versus
826 2367 982 2443 nonnulli
995 2376 1076 2443 sunt
1091 2369 1181 2444 male
1192 2369 1279 2460 nati,
1295 2369 1398 2457 duri;

384 2501 490 2578 verba
504 2502 573 2577 huc
588 2503 665 2578 illuc
677 2502 794 2577 inania
802 2529 811 2592 ;
835 2511 917 2578 sunt
934 2503 1037 2578 etiarn
1063 2502 1176 2578 minus
1190 2503 1332 2602 propria
1350 2504 1400 2579 vet
1489 2544 1490 2596 t

385 2634 570 2726 inurbane,
592 2637 646 2711 vel
659 2635 803 2712 obscura
822 2644 857 2712 ct
882 2638 1025 2712 incerta.
1044 2638 1143 2711 Istius
1166 2638 1302 2736 generis
1318 2662 1401 2737 pro-

384 2769 475 2846 ferre
485 2778 538 2846 sat
552 2771 616 2846 crit
626 2770 853 2870 propinquffl,
867 2795 922 2845 me
938 2770 1022 2847 falso
1033 2772 1227 2848 detractum
1239 2771 1266 2864 ³,
1279 2775 1347 2848 iter
1360 2798 1399 2848 ea

428 3012 454 3068 t.
476 3010 547 3080 ursi,
561 3021 592 3068 ut
613 3027 697 3086 supra
714 3011 817 3068 dietum
830 3013 868 3086 (p.
884 3011 929 3084 dd,
941 3030 969 3069 n.
986 3013 1023 3085 t),
1041 3013 1181 3087 Knappius
1202 3013 1263 3071 baec
1278 3015 1399 3072 carmina

383 3102 417 3159 ab
431 3101 494 3173 ipso
508 3098 616 3156 Tibullo
632 3101 786 3175 conscripta
801 3118 861 3158 esse
877 3103 1034 3172 contendat,
1049 3103 1152 3160 fatetur
1167 3111 1260 3160 tamen
1274 3106 1313 3177 (p.
1327 3105 1377 3176 dt)
1392 3121 1397 3156 :

385 3189 571 3248 (Sermonem
599 3188 698 3254 durum
725 3198 752 3246 et
778 3190 940 3264 impeditum
968 3208 1039 3248 csse.
1068 3192 1174 3268 Saepius
1188 3193 1281 3250 inania
1302 3195 1397 3260 verba,

380 3278 481 3356 quibus
491 3278 575 3352 pedes
586 3279 704 3353 quodam
713 3280 793 3336 modo
804 3280 1004 3354 compleantur,
1016 3281 1080 3354 legi.
1090 3282 1169 3339 Haud
1176 3299 1240 3339 raro
1252 3283 1405 3339 verborum·

382 3369 612 3426 constructionem
628 3385 687 3425 esse
700 3368 844 3439 incertam,
862 3370 945 3426 veluti
963 3371 992 3426 in
1012 3371 1102 3445 elegia
1117 3372 1233 3442 decima,
1250 3372 1299 3428 ubi
1314 3372 1399 3428 rerba

382 3459 428 3515 vix
456 3458 563 3533 possint
587 3458 718 3530 construi,
741 3459 865 3532 quamvis
891 3458 924 3516 de
956 3477 1040 3518 sensu
1062 3461 1256 3519 enuntiationis
1279 3459 1398 3518 dubitari

383 3558 542 3634 nequeam

418 3639 443 3694 ἓ.
465 3637 509 3706 IV,
524 3639 550 3708 8,
565 3639 582 3694 6
596 3657 602 3695 :

525 3796 590 3854 Jam,
606 3793 707 3844 nimium
722 3796 825 3846 Messala
837 3795 886 3846 mei
899 3796 1007 3848 studiosa
1020 3796 1145 3862 quiescas,

560 3865 613 3915 Non
626 3865 773 3932 tempestivae
785 3881 851 3931 eaepe
861 3870 1005 3935 propinque
1017 3870 1072 3920 riae.
1095 3917 1098 3920 ,

420 4028 446 4084 3.
467 4028 511 4097 IV,
525 4030 551 4098 8,
567 4031 583 4086 8
601 4048 608 4085 ε

561 4157 665 4209 Arbitrio
681 4160 796 4222 quoniam
808 4176 856 4214 non
869 4158 929 4216 ainis
941 4178 995 4217 esse
1008 4179 1073 4216 meo.
