3044 5090
816 631 868 644 ...
888 589 934 662 28
947 633 1002 646 ....

448 764 628 840 ‘reo-arr.
654 763 839 838 Addictum
862 771 984 859 tarum
1005 788 1040 840 se
1065 765 1219 842 Messalae
1230 767 1272 842 'in
1292 791 1426 866 perpe-

401 906 499 974 tuum
517 897 721 996 profitetur3
749 897 804 973 vel
830 905 998 985 mortuae,
1029 900 1097 993 uel,
1125 908 1259 974 mutata
1287 899 1421 985 forma,

401 1056 512 1133 equus
529 1032 640 1108 lactus
655 1041 817 1109 taurusve
832 1040 893 1108 aut
906 1033 992 1125 avis,
1008 1057 1148 1134 semper
1166 1036 1318 1110 Messalae
1333 1035 1424 1109 lau-

402 1166 587 1244 descanet.
653 1235 656 1240 .

451 1302 567 1376 Pauca
592 1299 733 1398 quidem
751 1308 833 1374 sunt
849 1323 928 1397 quae
949 1323 991 1375 ex
1012 1300 1069 1374 illo
1092 1299 1248 1383 carmine
1266 1299 1310 1376 de
1330 1323 1423 1398 per-

398 1456 485 1510 sona
522 1443 632 1534 poetae
668 1434 829 1533 colligere
870 1435 1075 1537 possimus:
1116 1435 1418 1512 adolescentulum

399 1569 588 1668 quemdam
619 1569 805 1662 videmus,
836 1569 921 1668 .qui,'
945 1577 1015 1644 tota
1051 1593 1151 1668 pane
1190 1593 1228 1645 re
1256 1568 1418 1644 familiari

400 1705 579 1805 spoliatus,
601 1705 674 1779 siue
693 1703 800 1779 dubio
821 1725 897 1778 cum
920 1704 1092 1779 triumviri
1112 1727 1212 1804 agros
1236 1705 1326 1784 iuter
1344 1704 1420 1777 mi-

404 1840 479 1915 lites
499 1839 616 1938 partiti
643 1848 736 1931 sunt,
758 1840 898 1916 circiter
915 1863 1024 1915 annos
1044 1840 1115 1914 lle
1134 1848 1196 1914 aut
1213 1839 1299 1931 713,
1321 1839 1421 1914 veri-

406 1984 531 2073 tusque
548 1997 592 2050 ue
605 1975 640 2049 iu
655 1975 766 2050 simile
782 1998 900 2051 rerum
923 1975 1107 2052 discrimen
1117 1975 1224 2074 (quod
1238 1997 1330 2050 auno
1347 1975 1418 2048 7⁶23

406 2109 625 2208 imminebat)
641 2119 795 2203 uocetur,
810 2112 962 2186 Messalae
974 2112 1077 2209 hujus
1087 2111 1169 2186 amri
1181 2110 1312 2186 consuli
1326 2109 1419 2184 iacto

402 2268 438 2321 se
454 2244 699 2322 commendare
713 2254 873 2338 conatur,
898 2256 935 2322 ut
958 2247 993 2321 id
1010 2247 1156 2322 retineat
1178 2245 1270 2343 quod
1288 2269 1309 2320 e
1328 2245 1418 2342 pris-

402 2381 474 2454 tina
502 2381 695 2456 calamitate
716 2390 909 2457 servaverat
935 2381 1139 2464 amissamve
1159 2388 1289 2479 partem
1313 2403 1418 2455 recu·

402 2522 512 2612 peret.

451 2649 609 2723 Occurrit
622 2651 704 2725 vero
720 2651 754 2724 iu
767 2651 881 2748 primo
891 2647 1015 2726 Tibulli
1031 2649 1120 2724 libro
1134 2648 1257 2748 elegia,
1269 2649 1418 2746 septima

403 2784 545 2874 scilieet,
560 2808 640 2882 quae
654 2786 832 2861 Messalam
850 2808 989 2885 quoque
1008 2785 1161 2860 celebrat
1182 2795 1216 2868 et
1235 2807 1327 2881 quae,
1350 2793 1420 2858 ute

398 2917 566 2992 'carminis
590 2918 784 2996 conditione
803 2921 969 3013 cernitur,
993 2942 1084 2994 anuo
1111 2918 1182 2991 ‘lat
1202 2917 1331 3015 scripta
1352 2927 1417 2994 est.

404 3053 510 3127 Poeta
524 3051 617 3126 euim
637 3053 792 3134 Messalae*
803 3054 1034 3153 triumphum,
1061 3055 1122 3153 qui
1145 3076 1186 3128 eo
1208 3075 1301 3128 anuo
1323 3059 1420 3128 actus

405 3196 469 3276 est,
494 3185 652 3264 laudibus
680 3191 809 3266 extollit
825 3191 852 3264 ¹.
878 3191 1047 3266 Accurate
1073 3189 1200 3288 legenti
1228 3186 1420 3262 arctissimo

404 3323 540 3400 viuculo
580 3325 673 3399 illam
707 3325 852 3425 elegiam
882 3348 962 3401 cum
995 3324 1203 3425 panegyrico
1244 3323 1418 3398 coherere

407 3458 638 3548 manifestum
656 3468 719 3536 est.
754 3460 839 3534 Cum
865 3469 1034 3558 preeterea
1055 3459 1103 3533 'ab
1122 3457 1286 3533 erunibus
1310 3455 1419 3530 doctis

405 3593 485 3674 ,viris
500 3595 634 3671 Tibullo
654 3595 727 3669 siue
742 3594 955 3671 dubitatione
973 3594 1159 3685 tribuatur,
1181 3615 1258 3668 eam
1281 3612 1420 3689 quoque

408 3729 658 3826 inspiciamus;
712 3730 825 3806 forsan
867 3729 977 3810 nobis
1005 3729 1136 3804 lumeu‘
1164 3725 1337 3825 quoddam
1377 3723 1418 3802 de

411 3863 618 3961 panegyrice
638 3863 762 3941 allerre
776 3867 924 3964 poterit:

448 4057 474 4112 l.
495 4055 565 4112 Fasti
590 4056 793 4132 triumphales:
812 4059 874 4116 all.
897 4059 1019 4117 Valerius
1034 4059 1067 4116 ll.
1089 4059 1109 4114 f.
1125 4057 1158 4114 li,
1176 4075 1203 4113 rr.
1225 4055 1340 4114 blessala
1355 4053 1418 4120 Gor,-

412 4143 491 4203 vinus
505 4161 611 4222 procos.
629 4163 661 4203 ex
675 4145 760 4205 Gallia
775 4147 830 4207 Vll.
847 4166 872 4206 c.
888 4157 941 4207 oct.
959 4165 983 4206 a.
1002 4145 1195 4236 uccxxtllla
1288 4225 1291 4230 1
1322 4212 1330 4216 ,
