3044 5090
561 617 741 688 *35-

149 788 1157 887 voluisset‚uooususessetheroiooversu‚quemTibullus,

148 924 356 1024 panegyrico
380 923 528 1010 sublato,
560 945 741 1021 nunquam
766 922 937 1014 adhibuit,
960 923 1019 999 sed
1048 924 1157 1024 elego.

148 1059 304 1158 Denique
317 1082 385 1134 non
401 1059 450 1133 ita
467 1058 555 1133 male
568 1057 692 1132 Tibulli
705 1057 971 1134 eonsuetudines
990 1082 1161 1159 usumque

147 1217 268 1270 rerum
279 1203 314 1269 et
330 1192 512 1268 verborum
533 1191 684 1266 imitatus
702 1199 803 1284 esset,
820 1200 857 1266 ut
874 1215 1014 1269 oarmen
1027 1192 1161 1272 Tibullo

149 1327 242 1404 hano
266 1327 376 1426 ipsam
412 1327 457 1402 ob
489 1348 627 1401 oausam
656 1334 843 1425 negaretur
866 1327 959 1426 quod
983 1327 1163 1404 tibulliaoo

147 1461 284 1538 dieendi
301 1461 386 1538 ratio
399 1483 569 1560 nusquam
584 1461 617 1534 in
630 1461 839 1561 panegyrico
853 1470 1029 1560 appareat.

198 1598 453 1696 Argumentum
486 1618 566 1673 vero
595 1595 689 1693 quod
721 1595 983 1696 Weyehertius¹
1014 1620 1034 1673 e
1064 1598 1158 1698 Valgi

149 1731 482 1807 commemoratione
500 1730 619 1823 trahit,
638 1729 799 1807 facillime
822 1731 961 1829 quidem
984 1731 1160 1808 refellitur.

148 1867 227 1944 Non
256 1866 417 1966 Valgium
446 1872 539 1941 oerte
570 1865 663 1940 inter
689 1864 802 1962 epioos
832 1875 949 1963 poetas
979 1867 1038 1965 qui
1075 1867 1165 1943 iuter

148 2002 280 2080 amieos
310 2000 465 2076 Messalae
489 1999 709 2076 annumerari
737 2008 895 2098 poterant
921 2001 1040 2078 rhetor
1063 2000 1166 2078 dele-

149 2137 267 2234 gisset,
293 2135 354 2211 sed
380 2134 561 2232 Virgilium
591 2134 642 2210 vel
666 2133 843 2209 Ovidium.

198 2269 298 2362 Quod
324 2268 367 2344 ad
394 2268 598 2345 modestiam
621 2276 742 2366 poetae,
765 2291 869 2366 quam
886 2292 984 2366 paene
1008 2270 1165 2346 servilem

149 2427 223 2480 esse
267 2403 493 2490 contendunt,
535 2402 673 2492 attinet,
712 2401 804 2478 hano
841 2402 979 2501 quidem
1021 2404 1166 2480 nimiam

148 2538 393 2639 Hertrbergius
411 2546 447 2613 et
468 2537 572 2614 oeteri
599 2536 741 2613 leoiunl.
773 2536 938 2613 Modestia
965 2538 1058 2614 enim
1090 2541 1161 2633 illa,

146 2673 231 2772 'quae
254 2673 287 2748 in
308 2672 462 2748 uersibus
480 2671 588 2762 l-ll'‚
613 2669 739 2760 llll,
761 2671 946 2761 177-178,
971 2673 1167 2749 lat-rom
1227 2769 1230 2774 Ι

149 2815 326 2906 apparet,
361 2813 499 2905 poetam
525 2813 661 2881 tantum
695 2805 809 2882 adhue
836 2805 961 2882 rudem
993 2814 1164 2900 testatur,

187 2991 213 3069 l.
233 3013 401 3072 Poetarum·
412 3013 578 3071 latinorum
598 3012 738 3084 reliquiae,
755 3029 785 3084 p.
804 3012 871 3068 tlt.

184 3103 211 3158 2.
233 3101 319 3158 l-tt:

612 3194 651 3246 Me
660 3194 757 3262 cognitu
766 3194 842 3246 virtus

330 3267 416 3318 terret
427 3270 455 3318 ut
463 3265 567 3317 infirme
580 3267 676 3317 valeant
687 3266 820 3317 subsistere
830 3266 905 3319 vires.

561 3339 578 3386 l
594 3339 690 3388 meritis
705 3337 726 3386 si
736 3339 845 3388 earmina
855 3339 949 3389 laudes.

330 3409 462 3474 Itellciant,
475 3409 574 3459 humilis
590 3409 664 3460 tantis
682 3408 727 3458 sim
739 3410 851 3460 conditor
864 3399 950 3471 aetis‚'
981 3408 985 3418 '

330 3483 380 3531 lleo
393 3486 436 3531 tua
449 3486 538 3545 preter
550 3486 574 3531 te
587 3481 679 3531 chartis
697 3481 808 3532 intexere
823 3477 952 3542 quisquam

330 3553 402 3602 Festa
411 3555 494 3616 queat,
507 3552 578 3602 dietis
593 3556 621 3602 ut
638 3567 687 3602 uon
700 3551 792 3615 majora
806 3553 939 3617 supersint.

329 3623 371 3675 Est
383 3625 453 3674 uobis
468 3624 573 3674 voluisse
592 3624 660 3685 satis,
674 3637 719 3673 nee
732 3637 834 3673 munera
852 3637 927 3686 parvo

328 3695 472 3760 Respuerie.
486 3695 564 3745 Etiam
573 3695 664 3745 Phoebo
679 3694 818 3759 gratissima
833 3697 899 3744 douo

335 3767 392 3817 cres
407 3766 463 3817 tulit
465 3803 520 3819 .....
531 3771 580 3816 ete.

331 3838 374 3887 llis
388 3851 485 3900 quoque
498 3837 530 3887 sit
541 3842 627 3902 gratus
642 3851 730 3901 parvus
748 3837 826 3902 labor,
842 3841 870 3886 ut
885 3831 930 3886 tibi
943 3835 1033 3902 possim

330 3911 390 3959 lnrle
400 3909 462 3959 alios
473 3909 583 3973 aliosque
596 3923 689 3960 memor
700 3922 848 3972 componere
859 3922 958 3960 versus.

241 4011 325 4068 etet
340 4029 346 4066 :

331 4125 370 4184 At,
388 4125 561 4188 quodcumque
579 4137 642 4175 meae
661 4127 776 4187 poterunt
795 4125 886 4176 audere
900 4124 1020 4185 (lemene,

331 4196 380 4246 Seu
395 4195 441 4245 tibi
456 4209 502 4259 par
517 4200 699 4259 poterunt......
711 4193 773 4264 (etc,
784 4195 834 4251 vid.
849 4209 905 4260 sup.
916 4210 941 4259 p.
954 4197 998 4258 31,
1014 4210 1039 4247 n.
1057 4198 1092 4256 6.]
