3044 5090
555 608 732 680 „33-

132 782 359 858 aestimatlone
378 779 549 880 perducti,
575 779 694 855 omnia
726 778 798 855 lere
825 787 978 856 velerurn
1004 781 1143 880 scripta,

132 941 212 1018 quae
233 917 278 991 ad
293 925 446 991 nostram
463 923 602 991 aetatem
615 921 858 1012 peruenerunt,
878 913 1031 1013 perlecta
1042 923 1145 1013 aque

133 1052 296 1128 omnibus
310 1050 463 1126 numeris
477 1048 632 1124 absoluta
651 1071 724 1124 esse
737 1049 928 1126 voluerunt.
942 1051 1014 1126 Hac
1028 1057 1145 1126 auteur

133 1187 242 1261 nirnia
255 1185 385 1285 ingenii
405 1191 439 1261 et
452 1184 588 1259 uirtutis
601 1192 758 1260 ueterum
772 1183 999 1260 admiratione
1014 1183 1145 1259 lactum

133 1331 197 1412 est,
215 1330 254 1396 nt
280 1319 449 1407 nonnulli,
464 1319 492 1392 si
508 1319 590 1417 quid
608 1317 802 1417 imperfecti
822 1319 875 1395 vel
897 1319 1008 1395 vitiosi
1025 1341 1146 1395 eorum

133 1456 288 1530 uirorum
327 1454 468 1530 numine
500 1452 690 1543 ferebatur,
725 1476 812 1552 quos
843 1462 986 1553 propter
1015 1453 1150 1551 reliqua

133 1589 262 1688 scripta
282 1588 460 1688 negabant
477 1587 559 1663 satis
576 1609 731 1686 unquam
750 1587 881 1662 laudari
900 1597 1011 1687 posse,
1033 1587 1147 1662 statim

133 1723 167 1798 id
187 1721 311 1798 falsum
336 1745 409 1798 esse
436 1721 628 1798 indicarent
652 1743 693 1795 ac
717 1721 874 1820 scriptori
899 1722 1107 1820 eriperent¹.
1125 1749 1141 1786 u
1219 1738 1224 1754 “

133 1856 231 1932 Haud
248 1856 348 1933 aliter
364 1856 407 1932 de
423 1857 631 1956 panegyrico
653 1878 689 1931 se
708 1878 763 1931 res
785 1856 903 1932 babet.
923 1855 1051 1930 Omnia
1070 1878 1149 1954 quae
1182 1847 1185 1854 ’

133 1991 286 2090 lleynius
316 1998 351 2066 et
383 1989 685 2090 ceteriobjioiunt,
715 2013 784 2066 non
811 1999 942 2080 vetent,
971 1989 1033 2065 elsi
1057 1998 1150 2065 recte

134 2125 382 2224 objicerentur,
403 2124 587 2222 quominus
606 2146 747 2200 carmen
764 2123 903 2199 Tibullo
916 2123 1142 2212 tribueretur,

135 2280 216 2334 uam
229 2258 345 2334 omunia
359 2258 419 2332 illa
430 2257 512 2332 vitia
526 2257 571 2333 ab
583 2257 729 2357 juvenili
742 2265 853 2355 poetae
870 2264 970 2333 aetete
985 2278 1149 2332 excusare

134 2415 253 2492 queas.

182 2527 268 2616 Qnae
285 2533 401 2602 tannen
417 2526 469 2601 vel
485 2533 578 2602 recte
592 2549 660 2601 non
678 2525 827 2625 objecta,
847 2525 900 2602 vel
916 2523 1018 2600 nimis
1034 2532 1150 2612 aucta,

137 2668 176 2734 ut
219 2661 321 2759 plane
369 2667 651 2735 monstraverunt
696 2657 942 2758 Scaligerius²,
969 2656 1148 2757 Volpius³,

137 2792 366 2886 Huscnkiust
378 2794 518 2870 Vossius
528 2794 554 2885 ⁵,
564 2793 815 2869 W.Teullelius
827 2791 854 2885 ⁶,
870 2793 910 2868 F.
926 2791 1148 2867 Hankelius⁷.

134 2929 289 3018 Quorum
304 2928 446 3028 uestigia
459 2937 610 3020 secutus,
627 2935 834 3027 argumenta
853 2926 979 3026 quibus
992 2947 1151 3024 panegy-

134 3063 227 3138 ricus
248 3085 328 3139 vere
350 3062 549 3138 tibullianus
570 3062 636 3138 dici
650 3070 761 3160 potest
783 3061 932 3139 breuiter
946 3059 1151 3138 contrahere

134 3196 300 3273 conabor.

184 3330 308 3430 Heynii
328 3331 481 3430 primurn
508 3331 720 3431 conjectura,
749 3353 830 3406 cum
856 3330 891 3405 in
917 3329 1150 3428 disquisitione

172 3627 197 3682 t.
217 3626 260 3684 De
272 3640 377 3699 ponec.
393 3626 425 3684 iu
440 3628 522 3686 Mass.
537 3626 642 3691 tibull,
660 3643 688 3700 p.
703 3625 730 3682 3.

171 3714 197 3771 2.
216 3714 366 3774 (luminant.
381 3714 409 3771 in
421 3714 573 3780 Tibullum,
590 3714 712 3782 Parisiis,
729 3713 808 3772 1577.

172 3803 198 3860 3.
220 3803 272 3873 ld.‚
293 3803 408 3874 Patavii,
426 3803 588 3862 trau-1755.

172 3893 199 3950 l.
221 3892 274 3961 ln,
289 3892 400 3966 Lipsiae,
416 3893 495 3950 1819.

172 3981 199 4040 5.
221 3981 250 4037 ln
265 3980 425 4056 praelatione
440 3981 567 4040 translat.
585 3997 711 4055 genuen.
727 3979 787 4042 Tib.
804 3979 970 4038 carminum.

171 4072 198 4128 6.
219 4072 343 4130 Studien
358 4073 420 4130 uod
435 4071 574 4132 Cltorolct.

172 4159 198 4215 7.
218 4160 262 4218 Dc
273 4175 381 4234 panea.
397 4162 430 4220 iu
447 4162 532 4223 nass.
548 4161 642 4220 tibull.

262 4261 419 4302 uluuuttnbn.
