3044 5090
790 613 970 684 ...7⁸2-

417 793 547 868 lterum
563 789 667 888 igilur
683 788 776 862 illem
790 811 811 862 o
824 811 861 864 se
871 795 952 864 onie
965 811 1086 865 omues
1102 789 1257 864 edomari
1269 789 1382 888 jurat,

368 924 428 1002 sed
454 947 533 1001 mor
557 921 782 1000 confessionis
801 946 882 1000 eum
907 925 1063 1022 poeuilel.
1088 924 1203 1000 Timet
1220 924 1314 999 euim
1336 947 1383 1000 ne

369 1060 498 1158 puella,
517 1057 652 1156 imperii
671 1035 819 1148 conscie,
841 1059 948 1133 nimie
971 1059 1083 1158 gralia
1103 1059 1194 1134 mole
1212 1067 1328 1133 utetur
1346 1067 1384 1133 el

369 1193 474 1270 enimi
491 1193 660 1270 levitatem
671 1202 938 1292 ergoamontem
951 1201 1130 1269 exerceat:

449 1458 527 1538 Quid
539 1457 616 1522 leoio
632 1458 779 1522 demens?
791 1459 865 1523 hou!
883 1461 960 1523 heu!
978 1479 1044 1523 mea
1058 1461 1184 1542 pignora
1198 1457 1284 1523 eodo.

490 1559 590 1622 luravi
604 1558 693 1621 stulte
708 1578 716 1620 ε
730 1559 870 1640 proderat
884 1558 940 1622 isle
957 1560 1056 1622 limor.

450 1657 474 1722 N
478 1674 535 1719 unc
549 1661 580 1719 tu
594 1655 678 1720 sorlis
689 1657 760 1736 eris
775 1676 855 1720 nunc
870 1667 901 1720 lu
917 1676 965 1721 me
977 1657 1121 1720 audacius
1132 1677 1223 1720 ures:

493 1755 556 1818 Hoc
569 1755 684 1839 peperit
700 1755 809 1818 misero
827 1756 947 1836 garrula
961 1756 1063 1836 lingua
1077 1755 1201 1818 melum.

449 1853 525 1932 lom,
536 1853 627 1916 iacias
637 1853 845 1937 quodcumque
857 1854 949 1931 voles,
959 1862 1028 1917 tuus
1038 1872 1133 1936 usque
1147 1853 1283 1928 manebo,

492 1952 552 2016 Neo
565 1951 677 2032 fugiam
693 1959 769 2014 nolae
784 1953 939 2015 servitium
955 1953 1094 2031 domiuae,

455 2049 514 2114 Sed
528 2049 653 2115 Veneris
669 2058 779 2113 sanolae
793 2050 946 2113 considam
961 2050 1056 2113 vietus
1071 2051 1108 2114 ad
1120 2069 1198 2113 aras.

494 2149 563 2212 Haec
576 2155 657 2212 uolat
673 2148 803 2229 injustos
815 2149 1060 2232 supplicibusque
1072 2149 1177 2213 lavel&

424 2410 1386 2509 lloxenimeumfidumnonessepuellemrumordooel.
1505 2389 1506 2400 Ν

375 2546 464 2640 Quid
480 2553 579 2624 tum‘l
601 2549 675 2622 Non
702 2546 872 2639 irascitur,
898 2547 969 2634 sed,
998 2547 1150 2646 aequiore
1180 2555 1214 2622 el
1227 2547 1386 2624 toleranti

378 2683 510 2774 animo,
535 2681 765 2780 esemelipso
780 2681 965 2780 impetrare
981 2681 1115 2758 videtur
1137 2689 1175 2756 ul
1192 2690 1303 2757 taceat
1325 2705 1392 2780 pe-

377 2817 569 2918 timurque:
1506 2793 1507 2798 Ν

461 3087 575 3150 Rumor
589 3083 630 3147 ait
644 3083 748 3148 crebro
764 3091 896 3147 nostram
910 3101 1034 3166 peecare
1050 3083 1178 3166 puellam
1197 3103 1204 3144 :

501 3185 586 3248 Nunc
602 3201 657 3264 ogo
672 3202 720 3245 me
735 3183 835 3246 surdis
850 3183 973 3246 auribus
989 3201 1054 3244 esse
1068 3181 1169 3244 velim.

463 3280 595 3347 Crimina
608 3301 668 3343 uon
682 3281 743 3344 hmo
758 3291 827 3344 sunl
843 3289 943 3344 uoslro
961 3280 1026 3342 sino
1040 3280 1119 3361 isola
1131 3280 1246 3342 dolore.

502 3380 579 3457 Quid
592 3381 736 3443 miserum
752 3380 895 3462 torques?
910 3379 1024 3443 Rumor
1040 3377 1159 3457 acerbe,
1174 3379 1266 3441 taoe‘.

433 3615 507 3692 Non
526 3615 573 3691 ilo
589 3613 730 3716 quidem
752 3613 891 3690 ineunte
910 3621 1011 3690 eelele
1032 3623 1064 3690 el
1084 3614 1204 3713 primis
1220 3613 1398 3689 umoribus

385 3747 564 3849 perfidiam
593 3749 750 3828 Tibullus
778 3749 977 3848 accepisset.
1004 3749 1146 3848 ADelio
1163 3771 1226 3824 suo
1243 3748 1395 3838 delusus,

425 4089 449 4144 r.
473 4087 517 4156 ιν,
532 4090 575 4158 13,
594 4089 626 4145 rr
642 4106 702 4164 sqq.

424 4176 451 4235 r.
473 4177 517 4248 ιν,
532 4179 574 4236 ro.
