3044 5090
775 599 954 670 ..70-

363 765 504 866 adjungi
515 785 582 838 nnn
594 770 744 862 possent,
757 761 1379 862 abediturequartilibricarminibus,

362 900 568 997 quibuscum
584 896 857 974 conformatione
870 897 1021 996 quadem
1036 902 1265 998 congruunr,
1279 900 1383 976 addi-

362 1041 413 1108 tus
425 1032 529 1109 luisse
542 1031 734 1131 putantur
749 1089 758 1122 ‚
775 1032 1041 1123 measententia‚
1054 1033 1141 1108 aden
1155 1033 1246 1108 inter
1264 1057 1299 1108 se
1313 1034 1380 1109 dit-

362 1165 490 1260 lerunt,
507 1166 600 1266 quud
613 1165 655 1241 ad
667 1173 909 1267 argumentum
923 1166 1058 1258 attinet,
1076 1167 1155 1242 duae
1175 1168 1242 1241 illae
1255 1168 1378 1268 elegiae

361 1308 394 1378 et
412 1300 513 1399 primi
527 1300 607 1375 libri
619 1302 788 1391 earmina,
808 1308 845 1375 ut
857 1301 1018 1376 Passnwii
1036 1310 1070 1376 et
1086 1301 1271 1376 Dieteriebi
1290 1303 1377 1377 ratio

360 1435 502 1512 nmninu
518 1434 706 1534 rejicienda
714 1435 768 1512 sit.
784 1435 970 1533 Nunquam
985 1435 1077 1510 euim
1092 1443 1194 1533 poeta
1208 1436 1242 1510 in
1261 1437 1376 1534 primu

360 1570 446 1646 libro
476 1570 519 1647 de
541 1570 637 1647 Delia
658 1591 777 1644 sensus
803 1569 966 1666 expressit
988 1569 1045 1667 qui
1066 1569 1102 1642 iu
1122 1569 1373 1658 tertiadecima,

360 1702 468 1778 immo
481 1703 515 1776 in
534 1701 793 1800 quartadecima
811 1701 923 1799 quarti
938 1701 1016 1775 libri
1041 1701 1152 1800 elegia
1180 1704 1335 1779 eminent
1360 1731 1369 1793 ;

359 1837 455 1912 nullu
472 1835 574 1912 modo
588 1835 662 1912 fieri
680 1843 803 1934 petest,
821 1835 915 1912 verbi
934 1836 1058 1935 gratia,
1076 1836 1203 1912 barum
1225 1839 1372 1935 primam

358 1993 439 2046 eum
451 1977 546 2044 sexta
559 1971 660 2069 primi
676 1970 755 2044 libri
764 1993 955 2068 congruere
968 1979 1002 2045 et
1010 1971 1044 2044 in
1059 1979 1204 2069 utraque
1212 1974 1373 2049 eamdem

359 2127 543 2204 personam
570 2104 699 2180 induci.
730 2108 887 2181 Inserta
920 2104 1012 2179 enim
1043 2105 1145 2203 primi
1168 2105 1250 2179 libri
1276 2107 1372 2183 brevi

359 2238 546 2338 abruptum
585 2239 625 2313 iri
653 2262 734 2315 eum
768 2239 864 2316 Delia
898 2239 1086 2314 amicitiam
1124 2238 1227 2338 plane
1260 2241 1376 2316 eerni-

357 2397 436 2449 mus
460 2397 524 2450 nee
556 2375 589 2448 in
612 2375 725 2470 quarti
754 2374 832 2448 libri
856 2371 1117 2472 quartadecima
1141 2375 1370 2452 reconciliatae

357 2508 550 2584 concordiae
567 2509 696 2584 mentio
717 2509 782 2582 ulla
799 2507 984 2584 iuvenitur.
1005 2507 1223 2583 Credendum
1242 2511 1367 2606 potius,

356 2643 383 2716 si
396 2641 439 2717 ad
455 2639 588 2717 Deliam
608 2643 790 2718 novissima
809 2641 921 2742 quarti
936 2641 1012 2716 libri
1034 2643 1188 2718 earmina
1211 2645 1369 2741 pertiue-

357 2785 446 2868 rent,
473 2777 531 2852 illa
551 2777 672 2876 primis
691 2777 816 2852 auroris
836 2776 926 2850 illius
940 2776 1153 2875 temporibus
1173 2779 1364 2878 conscripta

355 2933 439 2987 esse.
480 2913 556 3000 Qun
579 2912 701 3008 positu,
741 2910 978 2987 tertiadecima
1002 2912 1115 3008 quarti
1141 2911 1220 2986 libri
1258 2913 1367 3012 elegia

355 3045 479 3119 eudem
511 3045 665 3144 tempure
690 3068 759 3145 qun
779 3046 890 3144 prima
911 3045 1012 3143 primi
1032 3045 1226 3144 conscripta
1245 3047 1301 3138 sit,
1325 3069 1365 3122 eu

356 3179 465 3278 magis
479 3180 570 3279 quud
600 3181 797 3278 inutraque
815 3180 941 3278 lyricus
956 3180 1097 3279 quidam
1116 3179 1255 3279 spiritus
1270 3182 1364 3256 iure-

356 3313 448 3388 nitur
461 3314 521 3413 qui
535 3315 637 3412 plene
657 3314 691 3389 in
704 3313 826 3390 ceteris
840 3315 941 3413 primi
956 3313 1033 3388 libri
1044 3313 1255 3390 carminibus
1268 3339 1364 3391 ennu-

354 3457 427 3524 rate
442 3457 476 3525 et
485 3471 548 3547 per
562 3447 671 3524 otium
689 3448 847 3546 expolitis
865 3447 971 3524 deest.
994 3448 1105 3524 Simili
1119 3449 1363 3548 rationequar-

353 3582 612 3674 tamdeuimam,
633 3583 665 3656 in
681 3606 750 3681 qua
761 3583 861 3681 jneus
874 3590 908 3658 et
925 3583 1141 3680 querimonia
1164 3583 1357 3675 miscentur,

354 3713 443 3791 iuter
464 3716 597 3791 tertiam
615 3726 649 3792 et
668 3725 827 3815 quartam
842 3715 1144 3792 aununreremusl.

400 3849 529 3924 Sensus
560 3872 641 3925 vern
661 3851 695 3925 in
712 3849 766 3924 his
784 3850 913 3925 ultimis
934 3851 1046 3949 quarti
1064 3850 1142 3924 libri
1166 3851 1283 3950 elegiis
1302 3873 1359 3926 en-

389 4080 413 4134 l.
434 4079 474 4135 lta
489 4089 581 4136 censet
595 4081 795 4150 Lauhmamrus,
807 4081 825 4137 l.
840 4101 862 4138 s.
876 4101 899 4138 s.

387 4165 412 4222 ἓ.
434 4167 473 4226 ct.
486 4167 529 4225 W.
541 4167 655 4239 Teuffel,
671 4171 801 4240 Studien,
815 4188 842 4245 p.
859 4171 920 4230 370.
