3044 5090
571 653 750 724 ..13-

146 825 238 902 dclet
256 832 290 900 et
312 823 449 923 placare
479 823 724 922 Persephonen
755 834 909 900 cenatur.
928 814 1079 915 Quartus
1096 825 1163 902 dc-

146 962 266 1058 nique,
279 960 379 1058 longe
400 957 694 1056 productissimus,
714 959 975 1060 quatuordecim
1006 961 1163 1036 carmina

147 1095 313 1186 continet,
341 1115 490 1191 quorum
507 1093 659 1190 primum
677 1093 828 1168 Messalae
847 1094 1078 1194 panegyricus
1096 1103 1159 1169 est.

90 1210 95 1219 ¹
147 1231 329 1319 Octavum,
352 1249 497 1318 nonum,
523 1226 716 1318 decimum,
741 1227 977 1319 undecimum,
1000 1228 1166 1304 duedeci-

148 1387 246 1436 mrrm
277 1361 437 1459 Sulpiciae
463 1370 498 1436 et
526 1361 683 1436 Cerinthi
717 1384 853 1437 amores
874 1371 1053 1438 enarrant.
1079 1364 1165 1452 Quae

150 1496 310 1571 earmina
342 1518 411 1570 nnn
435 1519 456 1569 a
483 1495 618 1571 Tibullo
646 1494 705 1570 sed
726 1495 862 1593 abipsa
885 1497 1060 1594 Sulpicia,
1088 1519 1167 1574 mee

150 1629 291 1729 quidem
313 1628 495 1720 sententia,
515 1629 643 1726 scripte
658 1637 751 1703 sunt.
769 1629 925 1704 Tibullus
944 1629 1036 1706 idem
1058 1653 1166 1730 ergu-

150 1771 307 1840 mentum
341 1764 414 1839 rice
446 1787 510 1837 sua
537 1763 679 1861 suscipit
711 1763 807 1839 etin
848 1764 1014 1857 secunde,
1049 1766 1163 1858 tertie,

151 1907 288 1997 quarto,
305 1899 440 1996 quinto,
462 1905 556 1972 sexte
575 1898 790 1997 septimaque
806 1899 966 1996 explieat.
994 1899 1054 1974 His
1070 1899 1166 1999 adji-

152 2031 314 2108 ciendum
337 2040 388 2106 est
412 2032 503 2106 tertii
528 2031 605 2105 libri
627 2055 767 2108 carmen
793 2033 986 2108 secundum
1008 2033 1099 2133 qued
1130 2035 1164 2107 in

152 2165 272 2240 eadem
290 2165 435 2240 materie
449 2174 603 2240 uersatur
625 2174 659 2240 et
680 2165 882 2240 amatoriam
904 2168 995 2241 illam
1014 2167 1166 2242 fabulam

154 2299 339 2375 concludit.
367 2299 699 2374 Tertiumdecimum
730 2299 878 2398 denique
914 2309 948 2376 et
986 2311 1165 2400 quartum-

153 2434 327 2509 decimum
352 2443 535 2510 versantur
554 2433 588 2507 in
620 2456 739 2510 amere
771 2443 879 2532 poetae
907 2457 990 2533 erga
1017 2437 1167 2534 puellam

153 2568 253 2666 cujus
280 2591 405 2644 nomen
431 2591 499 2642 nnn
519 2567 717 2666 profertum
739 2593 818 2668 quae
839 2593 921 2646 vero
943 2571 1088 2671 Glycera
1110 2572 1167 2646 illa

154 2701 257 2777 luisse
273 2711 384 2799 potest
398 2725 504 2800 quarn
519 2703 680 2777 Horatius
694 2726 715 2777 a
732 2713 833 2801 poeta
847 2713 998 2779 amatam
1015 2729 1166 2782 essenos

155 2835 254 2912 docet
270 2845 305 2911 et
329 2836 461 2935 deque
481 2836 516 2910 in
542 2837 637 2911 nulla
657 2837 724 2912 alic
749 2839 855 2913 tetius
876 2839 989 2938 aperis
1013 2841 1165 2917 carmine

156 2969 366 3045 mentionem
381 2970 546 3046 invenies.

203 3104 306 3180 Liber
322 3106 456 3202 primus
474 3128 561 3203 opus
581 3114 633 3181 est
653 3129 721 3182 non
741 3108 882 3182 maximi
902 3109 1017 3186 adhuc
1035 3121 1161 3209 poetae,

155 3237 214 3312 sed
233 3263 392 3338 magnam
411 3240 464 3313 sui
481 3239 607 3315 eximia
623 3264 681 3338 spe
698 3244 825 3316 summi
845 3244 973 3342 ingenii
994 3257 1168 3345 exspecte-

155 3372 286 3447 ticnem
308 3373 476 3464 facientis.
500 3375 648 3448 Carmen
668 3375 711 3451 de
729 3377 872 3450 Messala
886 3378 1070 3455 mediocris
1086 3383 1168 3456 artis

156 3515 300 3581 estnon
333 3515 484 3600 naturee;
516 3508 656 3606 spiritus
684 3519 794 3607 poetae
818 3511 918 3584 nimis
935 3523 1110 3611 angustus
1136 3525 1171 3592 et

155 3641 253 3739 quasi
266 3641 433 3716 anhelans
443 3669 452 3730 ;
469 3642 597 3716 nimius
610 3641 817 3717 labularium
835 3643 1055 3722 historiarum
1072 3673 1168 3741 usus;

155 3772 301 3849 confusa
315 3785 349 3851 et
364 3775 527 3850 dissoluta
542 3777 645 3851 totius
666 3778 831 3874 poematis
850 3779 1013 3858 conditio.
1039 3787 1074 3859 ln
1093 3809 1172 3862 car-

155 3909 307 3982 minibus
321 3910 364 3985 de
382 3911 551 4001 llarathc,
583 3911 644 3986 etsi
660 3909 786 3986 fabulis
809 3918 1023 3994 nuncetiam
1044 3901 1171 3996 redun-

154 4043 251 4136 dent,
278 4043 342 4118 loci
369 4067 572 4120 communes
597 4046 704 4121 nimio
730 4048 846 4144 plures
869 4050 949 4144 sint,
974 4055 1083 4129 multa
1112 4067 1172 4130 aut

158 4175 324 4278 incallida
342 4187 403 4253 aut
421 4179 629 4255 inconcinna
648 4204 684 4256 se
704 4183 895 4278 praebeant,
914 4208 1038 4285 magna
1057 4196 1172 4265 tamen
