3044 5090
139 1932 296 1990 Pnommum
302 1966 1075 1986 ............................................
1140 1928 1154 1984 l

144 2057 237 2113 CAPUT
254 2055 276 2111 l.
297 2054 386 2112 Pauca
393 2054 427 2111 de
435 2053 538 2111 Tibulli
546 2053 649 2111 vitm-
659 2053 800 2119 Quomodo
809 2054 869 2127 ejus
880 2055 1002 2112 carmina
1011 2053 1087 2111 edila

304 2143 403 2202 sim·
415 2145 482 2210 Quae
492 2143 658 2219 inoperihus
672 2143 735 2217 ejus
745 2151 837 2219 partes
853 2151 935 2202 certae
948 2143 1012 2214 sint,
1021 2159 1083 2217 quae

304 2233 397 2290 dubiae
417 2233 572 2291 videamur.
585 2265 620 2274 -
634 2233 754 2290 Messala
768 2241 796 2290 el
813 2233 874 2305 ejus
888 2241 985 2291 coelus.
996 2265 1033 2275 -
1047 2232 1086 2288 lle

305 2322 394 2396 quarti
411 2322 476 2379 libri
497 2323 624 2396 partibus
631 2359 1082 2381 ..........................
1144 2322 1158 2377 l

183 2479 215 2489 -
252 2447 286 2505 ll.
307 2447 493 2522 Panegyricus
506 2447 679 2506 llessalae.-—
687 2447 789 2504 Rerum
802 2446 1010 2506 distributim-
1024 2447 1089 2522 Sep·

307 2538 376 2594 tima
398 2538 481 2614 primi
496 2538 560 2596 libri
579 2537 672 2614 elegia
693 2538 727 2595 de
750 2537 873 2596 llessalae
886 2537 1036 2613 triumpho.
1053 2570 1090 2582 ·-

307 2628 365 2685 lluo
376 2628 425 2685 illa
436 2628 557 2685 carmina
571 2645 587 2684 a
608 2627 717 2684 Tibullo
734 2626 826 2684 adhuc
838 2627 968 2702 imperito
982 2643 1093 2702 compo·

309 2718 361 2775 sila
386 2734 445 2774 esse
452 2756 1089 2775 ...................................
1127 2715 1164 2772 25

185 2874 219 2884 -
241 2842 288 2902 lll.
309 2842 348 2900 lle
369 2843 468 2916 elegiis
493 2843 556 2899 inde
583 2843 617 2898 ab
638 2842 832 2914 alternusque
853 2840 888 2899 ad
902 2840 1093 2898 duodecimam

310 2932 403 3006 quarti
414 2931 527 2988 libri.-
533 2932 598 2997 Quae
607 2930 725 3000 Tibullo,
732 2947 794 3005 quae
801 2930 927 3005 Sulpiciae
936 2929 1091 2987 tribuenda.

180 3087 186 3098 Ι
311 3053 346 3065 -
366 3021 524 3080 Cerinthus.
540 3053 576 3062 -
589 3018 717 3094 Sulpicia.
726 3061 1090 3076 .....................
1132 3019 1165 3074 ll

187 3178 222 3188 —-
248 3145 293 3202 lll.
313 3146 352 3203 lle
376 3146 475 3221 elegiis
504 3146 696 3204 tertiadecima
720 3153 747 3202 el
772 3144 977 3220 quartadecima
1002 3144 1096 3218 quarti

313 3235 426 3291 libri.—
441 3235 555 3309 Glycera
562 3275 1090 3294 ..............................
1133 3233 1168 3291 69

155 3361 306 3418 commusm
313 3400 804 3416 ............................
816 3401 822 3444 .·
834 3399 1092 3416 ...............
1134 3357 1169 3414 75

590 4167 735 4176 *—

425 4214 552 4260 llorrmoz,
564 4217 721 4254 mim-bilem.
734 4216 788 4262 lmp.
801 4215 898 4261 reunies,
908 4212 934 4256 A
